
		<record>
			<header>
				<identifier>oai:aleph-nkp.cz:DNT01-000064236</identifier>
				<datestamp>2021-08-01T12:09:39Z</datestamp>
				<setSpec>DNT-ALL</setSpec>
			</header>
			<metadata>
				<marc:record xmlns:marc="http://www.loc.gov/MARC21/slim"
					xmlns:xsi="http://www.w3.org/2001/XMLSchema-instance"
					xsi:schemaLocation="http://www.loc.gov/MARC21/slim
http://www.loc.gov/standards/marcxml/schema/MARC21slim.xsd">
					<marc:leader>     nam a22     3a 4500</marc:leader>
					<marc:controlfield tag="001">000064236</marc:controlfield>
					<marc:controlfield tag="003">CZ PrDNT</marc:controlfield>
					<marc:controlfield tag="005">20150915121438.0</marc:controlfield>
					<marc:controlfield tag="007">ta</marc:controlfield>
					<marc:controlfield tag="008">980715s1913    xr     f      000 0 cze d</marc:controlfield>
					<marc:datafield tag="015" ind1=" " ind2=" ">
						<marc:subfield code="a">cnb000634118</marc:subfield>
					</marc:datafield>
					<marc:datafield tag="035" ind1=" " ind2=" ">
						<marc:subfield code="a">(CZ-PrSKC)m0138307</marc:subfield>
					</marc:datafield>
					<marc:datafield tag="040" ind1=" " ind2=" ">
						<marc:subfield code="a">CBA001</marc:subfield>
						<marc:subfield code="b">cze</marc:subfield>
					</marc:datafield>
					<marc:datafield tag="072" ind1=" " ind2="7">
						<marc:subfield code="a">27</marc:subfield>
						<marc:subfield code="x">Křesťanství. Křesťanská církev všeobecně. Eklesiologie</marc:subfield>
						<marc:subfield code="2">Konspekt</marc:subfield>
						<marc:subfield code="9">5</marc:subfield>
					</marc:datafield>
					<marc:datafield tag="080" ind1=" " ind2=" ">
						<marc:subfield code="a">272-1/-9</marc:subfield>
						<marc:subfield code="2">MRF</marc:subfield>
					</marc:datafield>
					<marc:datafield tag="080" ind1=" " ind2=" ">
						<marc:subfield code="a">27-1</marc:subfield>
						<marc:subfield code="2">MRF</marc:subfield>
					</marc:datafield>
					<marc:datafield tag="080" ind1=" " ind2=" ">
						<marc:subfield code="a">272-184.3</marc:subfield>
						<marc:subfield code="2">MRF</marc:subfield>
					</marc:datafield>
					<marc:datafield tag="080" ind1=" " ind2=" ">
						<marc:subfield code="a">(0:82-4)</marc:subfield>
						<marc:subfield code="2">MRF</marc:subfield>
					</marc:datafield>
					<marc:datafield tag="100" ind1="1" ind2=" ">
						<marc:subfield code="a">Kašpar, František,</marc:subfield>
						<marc:subfield code="d">1879-1959</marc:subfield>
						<marc:subfield code="7">jk01053169</marc:subfield>
						<marc:subfield code="4">aut</marc:subfield>
					</marc:datafield>
					<marc:datafield tag="245" ind1="1" ind2="0">
						<marc:subfield code="a">Kytice myšlenek pro adorátory, kazatele a katechety /</marc:subfield>
						<marc:subfield code="c">ze svých zápisků vydali Jan Strnad a František Kašpar</marc:subfield>
					</marc:datafield>
					<marc:datafield tag="260" ind1=" " ind2=" ">
						<marc:subfield code="a">Nicov u Plánice :</marc:subfield>
						<marc:subfield code="b">Jan Strnad a František Kašpar,</marc:subfield>
						<marc:subfield code="c">1913</marc:subfield>
						<marc:subfield code="e">(V Praze :</marc:subfield>
						<marc:subfield code="f">Grafia)</marc:subfield>
					</marc:datafield>
					<marc:datafield tag="300" ind1=" " ind2=" ">
						<marc:subfield code="a">101 s.</marc:subfield>
					</marc:datafield>
					<marc:datafield tag="550" ind1=" " ind2=" ">
						<marc:subfield code="a">Nákladem vlastním</marc:subfield>
					</marc:datafield>
					<marc:datafield tag="650" ind1="0" ind2="7">
						<marc:subfield code="a">katolická víra</marc:subfield>
						<marc:subfield code="7">ph121532</marc:subfield>
						<marc:subfield code="2">czenas</marc:subfield>
					</marc:datafield>
					<marc:datafield tag="650" ind1="0" ind2="7">
						<marc:subfield code="a">učení katolické církve</marc:subfield>
						<marc:subfield code="7">ph135482</marc:subfield>
						<marc:subfield code="2">czenas</marc:subfield>
					</marc:datafield>
					<marc:datafield tag="650" ind1="0" ind2="7">
						<marc:subfield code="a">křesťanská teologie</marc:subfield>
						<marc:subfield code="7">ph115064</marc:subfield>
						<marc:subfield code="2">czenas</marc:subfield>
					</marc:datafield>
					<marc:datafield tag="655" ind1=" " ind2="7">
						<marc:subfield code="a">úvahy</marc:subfield>
						<marc:subfield code="7">fd134000</marc:subfield>
						<marc:subfield code="2">czenas</marc:subfield>
					</marc:datafield>
					<marc:datafield tag="700" ind1="1" ind2=" ">
						<marc:subfield code="a">Strnad, Jan,</marc:subfield>
						<marc:subfield code="d">1876-1939</marc:subfield>
						<marc:subfield code="7">jk01121445</marc:subfield>
						<marc:subfield code="4">aut</marc:subfield>
					</marc:datafield>
					<marc:datafield tag="856" ind1="4" ind2="1">
						<marc:subfield code="u">http://krameriusndk.nkp.cz/search/handle/uuid:d90c3cb0-ddbf-11e8-a5a4-005056827e52</marc:subfield>
						<marc:subfield code="y">Digitalizovaný dokument</marc:subfield>
					</marc:datafield>
					<marc:datafield tag="956" ind1="4" ind2=" ">
						<marc:subfield code="u">http://krameriusndk.nkp.cz/search/handle/uuid:d90c3cb0-ddbf-11e8-a5a4-005056827e52</marc:subfield>
						<marc:subfield code="9">A</marc:subfield>
					</marc:datafield>
					<marc:datafield tag="990" ind1=" " ind2=" ">
						<marc:subfield code="a">A</marc:subfield>
					</marc:datafield>
					<marc:datafield tag="992" ind1=" " ind2=" ">
						<marc:subfield code="s">A</marc:subfield>
						<marc:subfield code="a">20200101</marc:subfield>
						<marc:subfield code="b">batch</marc:subfield>
					</marc:datafield>
					<marc:datafield tag="998" ind1=" " ind2=" ">
						<marc:subfield code="a">DNT01-000064236</marc:subfield>
					</marc:datafield>
				</marc:record>
			</metadata>
		</record>