
		<record>
			<header>
				<identifier>oai:aleph-nkp.cz:DNT01-000012933</identifier>
				<datestamp>2021-08-01T12:09:39Z</datestamp>
				<setSpec>DNT-ALL</setSpec>
			</header>
			<metadata>
				<marc:record xmlns:marc="http://www.loc.gov/MARC21/slim"
					xmlns:xsi="http://www.w3.org/2001/XMLSchema-instance"
					xsi:schemaLocation="http://www.loc.gov/MARC21/slim
http://www.loc.gov/standards/marcxml/schema/MARC21slim.xsd">
					<marc:leader>     cam a22        4500</marc:leader>
					<marc:controlfield tag="001">000012933</marc:controlfield>
					<marc:controlfield tag="003">CZ PrDNT</marc:controlfield>
					<marc:controlfield tag="005">20200913163946.0</marc:controlfield>
					<marc:controlfield tag="007">ta</marc:controlfield>
					<marc:controlfield tag="008">990630s1977    xr a   c      000 f cze d</marc:controlfield>
					<marc:datafield tag="015" ind1=" " ind2=" ">
						<marc:subfield code="a">cnb000410264</marc:subfield>
					</marc:datafield>
					<marc:datafield tag="035" ind1=" " ind2=" ">
						<marc:subfield code="a">(CZ-PrSKC)vkol000275173</marc:subfield>
					</marc:datafield>
					<marc:datafield tag="040" ind1=" " ind2=" ">
						<marc:subfield code="a">CBA001</marc:subfield>
						<marc:subfield code="b">cze</marc:subfield>
						<marc:subfield code="d">OLA001</marc:subfield>
					</marc:datafield>
					<marc:datafield tag="041" ind1="1" ind2=" ">
						<marc:subfield code="a">cze</marc:subfield>
						<marc:subfield code="h">swe</marc:subfield>
					</marc:datafield>
					<marc:datafield tag="072" ind1=" " ind2="7">
						<marc:subfield code="a">821.11</marc:subfield>
						<marc:subfield code="x">Germánské literatury</marc:subfield>
						<marc:subfield code="2">Konspekt</marc:subfield>
						<marc:subfield code="9">25</marc:subfield>
					</marc:datafield>
					<marc:datafield tag="072" ind1=" " ind2="7">
						<marc:subfield code="a">821-93</marc:subfield>
						<marc:subfield code="x">Literatura pro děti a mládež (beletrie)</marc:subfield>
						<marc:subfield code="2">Konspekt</marc:subfield>
						<marc:subfield code="9">26</marc:subfield>
					</marc:datafield>
					<marc:datafield tag="080" ind1=" " ind2=" ">
						<marc:subfield code="a">821.113.6-31</marc:subfield>
						<marc:subfield code="2">MRF</marc:subfield>
					</marc:datafield>
					<marc:datafield tag="080" ind1=" " ind2=" ">
						<marc:subfield code="a">821-93</marc:subfield>
						<marc:subfield code="2">MRF</marc:subfield>
					</marc:datafield>
					<marc:datafield tag="080" ind1=" " ind2=" ">
						<marc:subfield code="a">(0:82-311.5)</marc:subfield>
						<marc:subfield code="2">MRF</marc:subfield>
					</marc:datafield>
					<marc:datafield tag="100" ind1="1" ind2=" ">
						<marc:subfield code="a">Jonsson, Runer,</marc:subfield>
						<marc:subfield code="d">1916-2006</marc:subfield>
						<marc:subfield code="7">ola2003191706</marc:subfield>
						<marc:subfield code="4">aut</marc:subfield>
					</marc:datafield>
					<marc:datafield tag="245" ind1="1" ind2="0">
						<marc:subfield code="a">První kniha Vikinga Vika.</marc:subfield>
						<marc:subfield code="p">Viking Vike. Viking Vike a rudoocí rváči /</marc:subfield>
						<marc:subfield code="c">Runer Jonsson ; ilustroval EWK ; [ze švédského originálu ... přeložil Radko Kejzlar]</marc:subfield>
					</marc:datafield>
					<marc:datafield tag="246" ind1="3" ind2="0">
						<marc:subfield code="a">Viking Vike</marc:subfield>
					</marc:datafield>
					<marc:datafield tag="246" ind1="3" ind2="0">
						<marc:subfield code="a">Viking Vike a rudoocí rváči</marc:subfield>
					</marc:datafield>
					<marc:datafield tag="250" ind1=" " ind2=" ">
						<marc:subfield code="a">1. vyd</marc:subfield>
					</marc:datafield>
					<marc:datafield tag="260" ind1=" " ind2=" ">
						<marc:subfield code="a">Praha :</marc:subfield>
						<marc:subfield code="b">Albatros,</marc:subfield>
						<marc:subfield code="c">1977</marc:subfield>
					</marc:datafield>
					<marc:datafield tag="300" ind1=" " ind2=" ">
						<marc:subfield code="a">216 s. :</marc:subfield>
						<marc:subfield code="b">il. ;</marc:subfield>
						<marc:subfield code="c">20 cm</marc:subfield>
					</marc:datafield>
					<marc:datafield tag="500" ind1=" " ind2=" ">
						<marc:subfield code="a">24000 výt.</marc:subfield>
					</marc:datafield>
					<marc:datafield tag="521" ind1="8" ind2=" ">
						<marc:subfield code="a">Pro čtenáře od 9 let</marc:subfield>
					</marc:datafield>
					<marc:datafield tag="655" ind1=" " ind2="7">
						<marc:subfield code="a">švédské romány</marc:subfield>
						<marc:subfield code="7">fd133923</marc:subfield>
						<marc:subfield code="2">czenas</marc:subfield>
					</marc:datafield>
					<marc:datafield tag="655" ind1=" " ind2="7">
						<marc:subfield code="a">humoristické romány</marc:subfield>
						<marc:subfield code="7">fd132431</marc:subfield>
						<marc:subfield code="2">czenas</marc:subfield>
					</marc:datafield>
					<marc:datafield tag="655" ind1=" " ind2="7">
						<marc:subfield code="a">publikace pro děti</marc:subfield>
						<marc:subfield code="7">fd133156</marc:subfield>
						<marc:subfield code="2">czenas</marc:subfield>
					</marc:datafield>
					<marc:datafield tag="765" ind1="0" ind2=" ">
						<marc:subfield code="t">Vicke Viking</marc:subfield>
						<marc:subfield code="9">Česky</marc:subfield>
					</marc:datafield>
					<marc:datafield tag="765" ind1="0" ind2=" ">
						<marc:subfield code="t">Vicke Viking lurar de rödögda</marc:subfield>
						<marc:subfield code="9">Česky</marc:subfield>
					</marc:datafield>
					<marc:datafield tag="787" ind1="0" ind2="8">
						<marc:subfield code="i">Z cyklu:</marc:subfield>
						<marc:subfield code="t">Viking Vike</marc:subfield>
						<marc:subfield code="g">1</marc:subfield>
					</marc:datafield>
					<marc:datafield tag="856" ind1="4" ind2="1">
						<marc:subfield code="u">http://krameriusndk.nkp.cz/search/handle/uuid:a48eb7a0-067e-11e4-83c7-005056827e51</marc:subfield>
						<marc:subfield code="y">Digitalizovaný dokument</marc:subfield>
					</marc:datafield>
					<marc:datafield tag="956" ind1="4" ind2=" ">
						<marc:subfield code="u">http://krameriusndk.nkp.cz/search/handle/uuid:a48eb7a0-067e-11e4-83c7-005056827e51</marc:subfield>
						<marc:subfield code="9">A</marc:subfield>
					</marc:datafield>
					<marc:datafield tag="990" ind1=" " ind2=" ">
						<marc:subfield code="a">A</marc:subfield>
					</marc:datafield>
					<marc:datafield tag="992" ind1=" " ind2=" ">
						<marc:subfield code="s">A</marc:subfield>
						<marc:subfield code="a">20200101</marc:subfield>
						<marc:subfield code="b">batch</marc:subfield>
					</marc:datafield>
					<marc:datafield tag="998" ind1=" " ind2=" ">
						<marc:subfield code="a">DNT01-000012933</marc:subfield>
					</marc:datafield>
				</marc:record>
			</metadata>
		</record>