
		<record>
			<header>
				<identifier>oai:aleph-nkp.cz:DNT01-000110654</identifier>
				<datestamp>2021-08-01T12:09:39Z</datestamp>
				<setSpec>DNT-ALL</setSpec>
			</header>
			<metadata>
				<marc:record xmlns:marc="http://www.loc.gov/MARC21/slim"
					xmlns:xsi="http://www.w3.org/2001/XMLSchema-instance"
					xsi:schemaLocation="http://www.loc.gov/MARC21/slim
http://www.loc.gov/standards/marcxml/schema/MARC21slim.xsd">
					<marc:leader>     cam a22      a 4500</marc:leader>
					<marc:controlfield tag="001">000110654</marc:controlfield>
					<marc:controlfield tag="003">CZ PrDNT</marc:controlfield>
					<marc:controlfield tag="005">20070330135138.0</marc:controlfield>
					<marc:controlfield tag="007">tu</marc:controlfield>
					<marc:controlfield tag="008">031009s2003    xr a   e      001 0 cze  </marc:controlfield>
					<marc:datafield tag="015" ind1=" " ind2=" ">
						<marc:subfield code="a">cnb001285782</marc:subfield>
					</marc:datafield>
					<marc:datafield tag="020" ind1=" " ind2=" ">
						<marc:subfield code="a">80-247-0651-2</marc:subfield>
						<marc:subfield code="q">(brož.)</marc:subfield>
					</marc:datafield>
					<marc:datafield tag="035" ind1=" " ind2=" ">
						<marc:subfield code="a">(CZ-PrSKC)cpk20031285782</marc:subfield>
					</marc:datafield>
					<marc:datafield tag="040" ind1=" " ind2=" ">
						<marc:subfield code="a">BOA001</marc:subfield>
						<marc:subfield code="b">cze</marc:subfield>
						<marc:subfield code="d">ABA001</marc:subfield>
					</marc:datafield>
					<marc:datafield tag="072" ind1=" " ind2="7">
						<marc:subfield code="a">004.4/.6</marc:subfield>
						<marc:subfield code="x">Programování. Software</marc:subfield>
						<marc:subfield code="2">Konspekt</marc:subfield>
						<marc:subfield code="9">23</marc:subfield>
					</marc:datafield>
					<marc:datafield tag="080" ind1=" " ind2=" ">
						<marc:subfield code="a">004.92</marc:subfield>
						<marc:subfield code="2">MRF</marc:subfield>
					</marc:datafield>
					<marc:datafield tag="080" ind1=" " ind2=" ">
						<marc:subfield code="a">004.42CorelDRAW</marc:subfield>
						<marc:subfield code="2">MRF</marc:subfield>
					</marc:datafield>
					<marc:datafield tag="080" ind1=" " ind2=" ">
						<marc:subfield code="a">(035)</marc:subfield>
						<marc:subfield code="2">MRF</marc:subfield>
					</marc:datafield>
					<marc:datafield tag="100" ind1="1" ind2=" ">
						<marc:subfield code="a">Čulík, Miroslav,</marc:subfield>
						<marc:subfield code="d">1960-</marc:subfield>
						<marc:subfield code="7">mzk2006324012</marc:subfield>
						<marc:subfield code="4">aut</marc:subfield>
					</marc:datafield>
					<marc:datafield tag="245" ind1="1" ind2="0">
						<marc:subfield code="a">CorelDRAW 11 :</marc:subfield>
						<marc:subfield code="b">česká verze /</marc:subfield>
						<marc:subfield code="c">Miroslav Čulík</marc:subfield>
					</marc:datafield>
					<marc:datafield tag="246" ind1="3" ind2="3">
						<marc:subfield code="a">CorelDRAW - česká verze</marc:subfield>
					</marc:datafield>
					<marc:datafield tag="250" ind1=" " ind2=" ">
						<marc:subfield code="a">1. vyd.</marc:subfield>
					</marc:datafield>
					<marc:datafield tag="260" ind1=" " ind2=" ">
						<marc:subfield code="a">Praha :</marc:subfield>
						<marc:subfield code="b">Grada,</marc:subfield>
						<marc:subfield code="c">2003</marc:subfield>
					</marc:datafield>
					<marc:datafield tag="300" ind1=" " ind2=" ">
						<marc:subfield code="a">218 s. :</marc:subfield>
						<marc:subfield code="b">il. ;</marc:subfield>
						<marc:subfield code="c">23 cm</marc:subfield>
					</marc:datafield>
					<marc:datafield tag="490" ind1="1" ind2=" ">
						<marc:subfield code="a">Podrobný průvodce začínajícího uživatele</marc:subfield>
					</marc:datafield>
					<marc:datafield tag="504" ind1=" " ind2=" ">
						<marc:subfield code="a">Obsahuje rejstřík</marc:subfield>
					</marc:datafield>
					<marc:datafield tag="520" ind1="2" ind2=" ">
						<marc:subfield code="a">Seznámení s ilustračním programem CorelDraw 11, programem na vytváření logotypů, propagačních materiálů, vizitek či složitých technických ilustrací.</marc:subfield>
					</marc:datafield>
					<marc:datafield tag="650" ind1="0" ind2="7">
						<marc:subfield code="a">CorelDRAW! 11 (software)</marc:subfield>
						<marc:subfield code="7">ph203124</marc:subfield>
						<marc:subfield code="2">czenas</marc:subfield>
					</marc:datafield>
					<marc:datafield tag="650" ind1="0" ind2="7">
						<marc:subfield code="a">počítačová grafika</marc:subfield>
						<marc:subfield code="7">ph124503</marc:subfield>
						<marc:subfield code="2">czenas</marc:subfield>
					</marc:datafield>
					<marc:datafield tag="655" ind1=" " ind2="7">
						<marc:subfield code="a">příručky</marc:subfield>
						<marc:subfield code="7">fd133209</marc:subfield>
						<marc:subfield code="2">czenas</marc:subfield>
					</marc:datafield>
					<marc:datafield tag="830" ind1=" " ind2="0">
						<marc:subfield code="a">Podrobný průvodce začínajícího uživatele</marc:subfield>
					</marc:datafield>
					<marc:datafield tag="856" ind1="4" ind2="1">
						<marc:subfield code="u">http://krameriusndk.nkp.cz/search/handle/uuid:123359d0-794f-11e4-ad1c-005056827e51</marc:subfield>
						<marc:subfield code="y">Digitalizovaný dokument</marc:subfield>
					</marc:datafield>
					<marc:datafield tag="956" ind1="4" ind2=" ">
						<marc:subfield code="u">http://krameriusndk.nkp.cz/search/handle/uuid:123359d0-794f-11e4-ad1c-005056827e51</marc:subfield>
						<marc:subfield code="9">N</marc:subfield>
					</marc:datafield>
					<marc:datafield tag="990" ind1=" " ind2=" ">
						<marc:subfield code="a">N</marc:subfield>
					</marc:datafield>
					<marc:datafield tag="991" ind1=" " ind2=" ">
						<marc:subfield code="a">Vyřazeno na žádost nakladatele</marc:subfield>
					</marc:datafield>
					<marc:datafield tag="992" ind1=" " ind2=" ">
						<marc:subfield code="s">PA</marc:subfield>
						<marc:subfield code="a">20200731</marc:subfield>
						<marc:subfield code="b">batch</marc:subfield>
					</marc:datafield>
					<marc:datafield tag="992" ind1=" " ind2=" ">
						<marc:subfield code="s">NZ</marc:subfield>
						<marc:subfield code="a">20210109</marc:subfield>
						<marc:subfield code="b">batch</marc:subfield>
					</marc:datafield>
					<marc:datafield tag="992" ind1=" " ind2=" ">
						<marc:subfield code="s">N</marc:subfield>
						<marc:subfield code="a">20210129</marc:subfield>
						<marc:subfield code="b">batch</marc:subfield>
					</marc:datafield>
					<marc:datafield tag="998" ind1=" " ind2=" ">
						<marc:subfield code="a">DNT01-000110654</marc:subfield>
					</marc:datafield>
				</marc:record>
			</metadata>
		</record>