
		<record>
			<header>
				<identifier>oai:aleph-nkp.cz:DNT01-000161561</identifier>
				<datestamp>2021-08-01T12:09:39Z</datestamp>
				<setSpec>DNT-ALL</setSpec>
			</header>
			<metadata>
				<marc:record xmlns:marc="http://www.loc.gov/MARC21/slim"
					xmlns:xsi="http://www.w3.org/2001/XMLSchema-instance"
					xsi:schemaLocation="http://www.loc.gov/MARC21/slim
http://www.loc.gov/standards/marcxml/schema/MARC21slim.xsd">
					<marc:leader>     nam a22     3i 4500</marc:leader>
					<marc:controlfield tag="001">000161561</marc:controlfield>
					<marc:controlfield tag="003">CZ PrDNT</marc:controlfield>
					<marc:controlfield tag="005">20200211145309.0</marc:controlfield>
					<marc:controlfield tag="008">200128s1917    xr     f      0|0 0|cze d</marc:controlfield>
					<marc:datafield tag="015" ind1=" " ind2=" ">
						<marc:subfield code="a">cnb000904436</marc:subfield>
					</marc:datafield>
					<marc:datafield tag="035" ind1=" " ind2=" ">
						<marc:subfield code="a">(CZ-PrSKC)002494194</marc:subfield>
					</marc:datafield>
					<marc:datafield tag="040" ind1=" " ind2=" ">
						<marc:subfield code="a">ABA007</marc:subfield>
						<marc:subfield code="b">cze</marc:subfield>
						<marc:subfield code="d">ABA007</marc:subfield>
						<marc:subfield code="e">rda</marc:subfield>
					</marc:datafield>
					<marc:datafield tag="072" ind1=" " ind2="7">
						<marc:subfield code="a">615</marc:subfield>
						<marc:subfield code="x">Farmacie. Farmakologie</marc:subfield>
						<marc:subfield code="2">Konspekt</marc:subfield>
						<marc:subfield code="9">14</marc:subfield>
					</marc:datafield>
					<marc:datafield tag="100" ind1="1" ind2=" ">
						<marc:subfield code="a">Vomela, Stanislav,</marc:subfield>
						<marc:subfield code="d">1892-1958</marc:subfield>
						<marc:subfield code="7">jk01150561</marc:subfield>
						<marc:subfield code="4">aut</marc:subfield>
					</marc:datafield>
					<marc:datafield tag="245" ind1="1" ind2="0">
						<marc:subfield code="a">O hromadných otravách masem a jinými potravinami /</marc:subfield>
						<marc:subfield code="c">napsal Stanislav Vomela.</marc:subfield>
					</marc:datafield>
					<marc:datafield tag="264" ind1=" " ind2="1">
						<marc:subfield code="a">V Praze :</marc:subfield>
						<marc:subfield code="b">Nakladatelství J. Otto,</marc:subfield>
						<marc:subfield code="c">1917.</marc:subfield>
					</marc:datafield>
					<marc:datafield tag="300" ind1=" " ind2=" ">
						<marc:subfield code="a">17 stran.</marc:subfield>
					</marc:datafield>
					<marc:datafield tag="336" ind1=" " ind2=" ">
						<marc:subfield code="a">text</marc:subfield>
						<marc:subfield code="b">txt</marc:subfield>
						<marc:subfield code="2">rdacontent</marc:subfield>
					</marc:datafield>
					<marc:datafield tag="338" ind1=" " ind2=" ">
						<marc:subfield code="a">svazek</marc:subfield>
						<marc:subfield code="b">nc</marc:subfield>
						<marc:subfield code="2">rdacarrier</marc:subfield>
					</marc:datafield>
					<marc:datafield tag="490" ind1="0" ind2=" ">
						<marc:subfield code="a">Lidové rozpravy lékařské ;</marc:subfield>
						<marc:subfield code="v">Čís. 141</marc:subfield>
					</marc:datafield>
					<marc:datafield tag="501" ind1=" " ind2=" ">
						<marc:subfield code="a">Přívazek k : Jaroslav Kříženecký / Ochrana mládeže a eugenika</marc:subfield>
					</marc:datafield>
					<marc:datafield tag="650" ind1="0" ind2="7">
						<marc:subfield code="a">alimentární intoxikace</marc:subfield>
						<marc:subfield code="7">ph118350</marc:subfield>
						<marc:subfield code="2">czenas</marc:subfield>
					</marc:datafield>
					<marc:datafield tag="655" ind1=" " ind2="7">
						<marc:subfield code="a">populárně-naučné publikace</marc:subfield>
						<marc:subfield code="7">fd131864</marc:subfield>
						<marc:subfield code="2">czenas</marc:subfield>
					</marc:datafield>
					<marc:datafield tag="990" ind1=" " ind2=" ">
						<marc:subfield code="a">A</marc:subfield>
					</marc:datafield>
					<marc:datafield tag="992" ind1=" " ind2=" ">
						<marc:subfield code="s">PA</marc:subfield>
						<marc:subfield code="a">20200731</marc:subfield>
						<marc:subfield code="b">batch</marc:subfield>
					</marc:datafield>
					<marc:datafield tag="992" ind1=" " ind2=" ">
						<marc:subfield code="s">A</marc:subfield>
						<marc:subfield code="a">20210201</marc:subfield>
						<marc:subfield code="b">batch</marc:subfield>
					</marc:datafield>
					<marc:datafield tag="998" ind1=" " ind2=" ">
						<marc:subfield code="a">DNT01-000161561</marc:subfield>
					</marc:datafield>
				</marc:record>
			</metadata>
		</record>