
		<record>
			<header>
				<identifier>oai:aleph-nkp.cz:DNT01-000161562</identifier>
				<datestamp>2021-08-01T12:09:39Z</datestamp>
				<setSpec>DNT-ALL</setSpec>
			</header>
			<metadata>
				<marc:record xmlns:marc="http://www.loc.gov/MARC21/slim"
					xmlns:xsi="http://www.w3.org/2001/XMLSchema-instance"
					xsi:schemaLocation="http://www.loc.gov/MARC21/slim
http://www.loc.gov/standards/marcxml/schema/MARC21slim.xsd">
					<marc:leader>     nam a22     7i 4500</marc:leader>
					<marc:controlfield tag="001">000161562</marc:controlfield>
					<marc:controlfield tag="003">CZ PrDNT</marc:controlfield>
					<marc:controlfield tag="005">20200608123101.0</marc:controlfield>
					<marc:controlfield tag="007">ta</marc:controlfield>
					<marc:controlfield tag="008">060327s1993    xr     f      ||| 0 eng d</marc:controlfield>
					<marc:datafield tag="015" ind1=" " ind2=" ">
						<marc:subfield code="a">cnb002811289</marc:subfield>
					</marc:datafield>
					<marc:datafield tag="035" ind1=" " ind2=" ">
						<marc:subfield code="a">(CZ-PrSKC)000397482</marc:subfield>
					</marc:datafield>
					<marc:datafield tag="040" ind1=" " ind2=" ">
						<marc:subfield code="a">ABD107</marc:subfield>
						<marc:subfield code="b">cze</marc:subfield>
						<marc:subfield code="d">ABD107</marc:subfield>
						<marc:subfield code="e">rda</marc:subfield>
					</marc:datafield>
					<marc:datafield tag="072" ind1=" " ind2="7">
						<marc:subfield code="a">316.4</marc:subfield>
						<marc:subfield code="x">Sociální procesy</marc:subfield>
						<marc:subfield code="2">Konspekt</marc:subfield>
						<marc:subfield code="9">18</marc:subfield>
					</marc:datafield>
					<marc:datafield tag="100" ind1="1" ind2=" ">
						<marc:subfield code="a">Matějů, Petr,</marc:subfield>
						<marc:subfield code="d">1950-2017</marc:subfield>
						<marc:subfield code="7">jn20001005231</marc:subfield>
						<marc:subfield code="4">aut</marc:subfield>
					</marc:datafield>
					<marc:datafield tag="245" ind1="1" ind2="0">
						<marc:subfield code="a">[Rodina &apos;89] :</marc:subfield>
						<marc:subfield code="b">determinants of economic success in the first stage of the post-communist transformation : the Czech republic 1989-1992 /</marc:subfield>
						<marc:subfield code="c">Petr Matějů</marc:subfield>
					</marc:datafield>
					<marc:datafield tag="246" ind1="1" ind2="0">
						<marc:subfield code="a">Determinants of economic success in the first stage of the post-communist transformation</marc:subfield>
					</marc:datafield>
					<marc:datafield tag="264" ind1=" " ind2="1">
						<marc:subfield code="a">Prague :</marc:subfield>
						<marc:subfield code="b">Institute of sociology,</marc:subfield>
						<marc:subfield code="c">1993</marc:subfield>
					</marc:datafield>
					<marc:datafield tag="300" ind1=" " ind2=" ">
						<marc:subfield code="a">28 stran :</marc:subfield>
						<marc:subfield code="b">tabulky</marc:subfield>
					</marc:datafield>
					<marc:datafield tag="300" ind1=" " ind2=" ">
						<marc:subfield code="a">ii, 83 stran :</marc:subfield>
						<marc:subfield code="b">ilustrace</marc:subfield>
					</marc:datafield>
					<marc:datafield tag="336" ind1=" " ind2=" ">
						<marc:subfield code="a">text</marc:subfield>
						<marc:subfield code="b">txt</marc:subfield>
						<marc:subfield code="2">rdacontent</marc:subfield>
					</marc:datafield>
					<marc:datafield tag="337" ind1=" " ind2=" ">
						<marc:subfield code="a">bez média</marc:subfield>
						<marc:subfield code="b">n</marc:subfield>
						<marc:subfield code="2">rdamedia</marc:subfield>
					</marc:datafield>
					<marc:datafield tag="338" ind1=" " ind2=" ">
						<marc:subfield code="a">svazek</marc:subfield>
						<marc:subfield code="b">nc</marc:subfield>
						<marc:subfield code="2">rdacarrier</marc:subfield>
					</marc:datafield>
					<marc:datafield tag="490" ind1="1" ind2=" ">
						<marc:subfield code="a">Working papers ;</marc:subfield>
						<marc:subfield code="v">93/2</marc:subfield>
					</marc:datafield>
					<marc:datafield tag="504" ind1=" " ind2=" ">
						<marc:subfield code="a">Obsahuje bibliografii</marc:subfield>
					</marc:datafield>
					<marc:datafield tag="650" ind1="0" ind2="7">
						<marc:subfield code="a">sociální změna</marc:subfield>
						<marc:subfield code="7">ph125820</marc:subfield>
						<marc:subfield code="z">postkomunistické země</marc:subfield>
						<marc:subfield code="2">czenas</marc:subfield>
					</marc:datafield>
					<marc:datafield tag="650" ind1="0" ind2="7">
						<marc:subfield code="a">postkomunismus</marc:subfield>
						<marc:subfield code="7">ph124401</marc:subfield>
						<marc:subfield code="x">Česko</marc:subfield>
						<marc:subfield code="y">1989-1992</marc:subfield>
						<marc:subfield code="2">czenas</marc:subfield>
					</marc:datafield>
					<marc:datafield tag="650" ind1="0" ind2="7">
						<marc:subfield code="a">ekonomická transformace</marc:subfield>
						<marc:subfield code="7">ph114426</marc:subfield>
						<marc:subfield code="z">Česko</marc:subfield>
						<marc:subfield code="y">1989-1992</marc:subfield>
						<marc:subfield code="2">czenas</marc:subfield>
					</marc:datafield>
					<marc:datafield tag="651" ind1=" " ind2="7">
						<marc:subfield code="a">Česko</marc:subfield>
						<marc:subfield code="7">ge128065</marc:subfield>
						<marc:subfield code="y">1989-1992</marc:subfield>
						<marc:subfield code="2">czenas</marc:subfield>
					</marc:datafield>
					<marc:datafield tag="655" ind1=" " ind2="7">
						<marc:subfield code="a">studie</marc:subfield>
						<marc:subfield code="7">fd133597</marc:subfield>
						<marc:subfield code="2">czenas</marc:subfield>
					</marc:datafield>
					<marc:datafield tag="830" ind1=" " ind2="0">
						<marc:subfield code="a">Working papers</marc:subfield>
					</marc:datafield>
					<marc:datafield tag="990" ind1=" " ind2=" ">
						<marc:subfield code="a">A</marc:subfield>
					</marc:datafield>
					<marc:datafield tag="992" ind1=" " ind2=" ">
						<marc:subfield code="s">PA</marc:subfield>
						<marc:subfield code="a">20200731</marc:subfield>
						<marc:subfield code="b">batch</marc:subfield>
					</marc:datafield>
					<marc:datafield tag="992" ind1=" " ind2=" ">
						<marc:subfield code="s">A</marc:subfield>
						<marc:subfield code="a">20210201</marc:subfield>
						<marc:subfield code="b">batch</marc:subfield>
					</marc:datafield>
					<marc:datafield tag="998" ind1=" " ind2=" ">
						<marc:subfield code="a">DNT01-000161562</marc:subfield>
					</marc:datafield>
				</marc:record>
			</metadata>
		</record>