
		<record>
			<header>
				<identifier>oai:aleph-nkp.cz:DNT01-000012938</identifier>
				<datestamp>2021-08-01T12:09:39Z</datestamp>
				<setSpec>DNT-ALL</setSpec>
			</header>
			<metadata>
				<marc:record xmlns:marc="http://www.loc.gov/MARC21/slim"
					xmlns:xsi="http://www.w3.org/2001/XMLSchema-instance"
					xsi:schemaLocation="http://www.loc.gov/MARC21/slim
http://www.loc.gov/standards/marcxml/schema/MARC21slim.xsd">
					<marc:leader>     nam a22      i 4500</marc:leader>
					<marc:controlfield tag="001">000012938</marc:controlfield>
					<marc:controlfield tag="003">CZ PrDNT</marc:controlfield>
					<marc:controlfield tag="005">20160113175953.0</marc:controlfield>
					<marc:controlfield tag="007">ta</marc:controlfield>
					<marc:controlfield tag="008">970213s1977    xr a   j      000 f cze  </marc:controlfield>
					<marc:datafield tag="015" ind1=" " ind2=" ">
						<marc:subfield code="a">cnb000410270</marc:subfield>
					</marc:datafield>
					<marc:datafield tag="020" ind1=" " ind2=" ">
						<marc:subfield code="q">(Vázáno)</marc:subfield>
					</marc:datafield>
					<marc:datafield tag="035" ind1=" " ind2=" ">
						<marc:subfield code="a">(CZ-PrSKC)000308088</marc:subfield>
					</marc:datafield>
					<marc:datafield tag="040" ind1=" " ind2=" ">
						<marc:subfield code="a">ABA001</marc:subfield>
						<marc:subfield code="b">cze</marc:subfield>
						<marc:subfield code="c">HKA001</marc:subfield>
						<marc:subfield code="d">ABA001</marc:subfield>
						<marc:subfield code="d">PAG001</marc:subfield>
						<marc:subfield code="e">rda</marc:subfield>
					</marc:datafield>
					<marc:datafield tag="041" ind1="1" ind2=" ">
						<marc:subfield code="a">cze</marc:subfield>
						<marc:subfield code="h">ger</marc:subfield>
					</marc:datafield>
					<marc:datafield tag="072" ind1=" " ind2="7">
						<marc:subfield code="a">821.112.2-3</marc:subfield>
						<marc:subfield code="x">Německá próza, německy psaná</marc:subfield>
						<marc:subfield code="2">Konspekt</marc:subfield>
						<marc:subfield code="9">25</marc:subfield>
					</marc:datafield>
					<marc:datafield tag="072" ind1=" " ind2="7">
						<marc:subfield code="a">821-93</marc:subfield>
						<marc:subfield code="x">Literatura pro děti a mládež (beletrie)</marc:subfield>
						<marc:subfield code="2">Konspekt</marc:subfield>
						<marc:subfield code="9">26</marc:subfield>
					</marc:datafield>
					<marc:datafield tag="080" ind1=" " ind2=" ">
						<marc:subfield code="a">821-93</marc:subfield>
						<marc:subfield code="2">MRF</marc:subfield>
					</marc:datafield>
					<marc:datafield tag="080" ind1=" " ind2=" ">
						<marc:subfield code="a">821.112.2-31</marc:subfield>
						<marc:subfield code="2">MRF</marc:subfield>
					</marc:datafield>
					<marc:datafield tag="080" ind1=" " ind2=" ">
						<marc:subfield code="a">(0:82-311.3)</marc:subfield>
						<marc:subfield code="2">MRF</marc:subfield>
					</marc:datafield>
					<marc:datafield tag="100" ind1="1" ind2=" ">
						<marc:subfield code="a">Legère, Werner,</marc:subfield>
						<marc:subfield code="d">1912-1998</marc:subfield>
						<marc:subfield code="7">xx0018931</marc:subfield>
						<marc:subfield code="4">aut</marc:subfield>
					</marc:datafield>
					<marc:datafield tag="240" ind1="1" ind2="0">
						<marc:subfield code="a">Unter Korsaren verschollen.</marc:subfield>
						<marc:subfield code="l">Česky</marc:subfield>
					</marc:datafield>
					<marc:datafield tag="245" ind1="1" ind2="0">
						<marc:subfield code="a">Sám mezi korzáry :</marc:subfield>
						<marc:subfield code="b">Román z posledních let alžírských korzárů /</marc:subfield>
						<marc:subfield code="c">Werner Legere ; Překlad Josef Poláček ; Ilustrace Alexander Kohout</marc:subfield>
					</marc:datafield>
					<marc:datafield tag="250" ind1=" " ind2=" ">
						<marc:subfield code="a">První vydání</marc:subfield>
					</marc:datafield>
					<marc:datafield tag="264" ind1=" " ind2="1">
						<marc:subfield code="a">Praha :</marc:subfield>
						<marc:subfield code="b">Albatros,</marc:subfield>
						<marc:subfield code="c">1977</marc:subfield>
					</marc:datafield>
					<marc:datafield tag="300" ind1=" " ind2=" ">
						<marc:subfield code="a">325 stran :</marc:subfield>
						<marc:subfield code="b">ilustrace ;</marc:subfield>
						<marc:subfield code="c">21 cm</marc:subfield>
					</marc:datafield>
					<marc:datafield tag="336" ind1=" " ind2=" ">
						<marc:subfield code="a">text</marc:subfield>
						<marc:subfield code="b">txt</marc:subfield>
						<marc:subfield code="2">rdacontent</marc:subfield>
					</marc:datafield>
					<marc:datafield tag="337" ind1=" " ind2=" ">
						<marc:subfield code="a">bez média</marc:subfield>
						<marc:subfield code="b">n</marc:subfield>
						<marc:subfield code="2">rdamedia</marc:subfield>
					</marc:datafield>
					<marc:datafield tag="338" ind1=" " ind2=" ">
						<marc:subfield code="a">svazek</marc:subfield>
						<marc:subfield code="b">nc</marc:subfield>
						<marc:subfield code="2">rdacarrier</marc:subfield>
					</marc:datafield>
					<marc:datafield tag="490" ind1="1" ind2=" ">
						<marc:subfield code="a">Knihy odvahy a dobrodružství ;</marc:subfield>
						<marc:subfield code="v">Svazek 141</marc:subfield>
					</marc:datafield>
					<marc:datafield tag="500" ind1=" " ind2=" ">
						<marc:subfield code="a">Přeloženo z němčiny</marc:subfield>
					</marc:datafield>
					<marc:datafield tag="500" ind1=" " ind2=" ">
						<marc:subfield code="a">45000 výtisků</marc:subfield>
					</marc:datafield>
					<marc:datafield tag="520" ind1=" " ind2=" ">
						<marc:subfield code="a">Dobrodružný román o nájezdech alžírských korzárů ve Středozemním moři v první třetině 19. století.</marc:subfield>
					</marc:datafield>
					<marc:datafield tag="653" ind1="0" ind2=" ">
						<marc:subfield code="a">německá literatura</marc:subfield>
						<marc:subfield code="a">příběhy pro děti</marc:subfield>
						<marc:subfield code="a">dobrodružství</marc:subfield>
						<marc:subfield code="a">piráti</marc:subfield>
						<marc:subfield code="a">Středozemní moře</marc:subfield>
						<marc:subfield code="a">19. století</marc:subfield>
					</marc:datafield>
					<marc:datafield tag="655" ind1=" " ind2="7">
						<marc:subfield code="a">německé romány</marc:subfield>
						<marc:subfield code="7">fd132945</marc:subfield>
						<marc:subfield code="2">czenas</marc:subfield>
					</marc:datafield>
					<marc:datafield tag="655" ind1=" " ind2="7">
						<marc:subfield code="a">dobrodružné romány</marc:subfield>
						<marc:subfield code="7">fd132061</marc:subfield>
						<marc:subfield code="2">czenas</marc:subfield>
					</marc:datafield>
					<marc:datafield tag="655" ind1=" " ind2="7">
						<marc:subfield code="a">publikace pro mládež</marc:subfield>
						<marc:subfield code="7">fd133157</marc:subfield>
						<marc:subfield code="2">czenas</marc:subfield>
					</marc:datafield>
					<marc:datafield tag="700" ind1="1" ind2=" ">
						<marc:subfield code="a">Poláček, Josef</marc:subfield>
						<marc:subfield code="7">jk01100132</marc:subfield>
						<marc:subfield code="4">trl</marc:subfield>
					</marc:datafield>
					<marc:datafield tag="700" ind1="1" ind2=" ">
						<marc:subfield code="a">Kohout, Alexandr,</marc:subfield>
						<marc:subfield code="d">1926-</marc:subfield>
						<marc:subfield code="7">xx0073123</marc:subfield>
						<marc:subfield code="4">ill</marc:subfield>
					</marc:datafield>
					<marc:datafield tag="830" ind1=" " ind2="0">
						<marc:subfield code="a">Knihy odvahy a dobrodružství</marc:subfield>
					</marc:datafield>
					<marc:datafield tag="856" ind1="4" ind2="1">
						<marc:subfield code="u">http://krameriusndk.nkp.cz/search/handle/uuid:3ae189b0-276f-11e4-8f64-005056827e52</marc:subfield>
						<marc:subfield code="y">Digitalizovaný dokument</marc:subfield>
					</marc:datafield>
					<marc:datafield tag="956" ind1="4" ind2=" ">
						<marc:subfield code="u">http://krameriusndk.nkp.cz/search/handle/uuid:3ae189b0-276f-11e4-8f64-005056827e52</marc:subfield>
						<marc:subfield code="9">A</marc:subfield>
					</marc:datafield>
					<marc:datafield tag="990" ind1=" " ind2=" ">
						<marc:subfield code="a">A</marc:subfield>
					</marc:datafield>
					<marc:datafield tag="992" ind1=" " ind2=" ">
						<marc:subfield code="s">A</marc:subfield>
						<marc:subfield code="a">20200101</marc:subfield>
						<marc:subfield code="b">batch</marc:subfield>
					</marc:datafield>
					<marc:datafield tag="998" ind1=" " ind2=" ">
						<marc:subfield code="a">DNT01-000012938</marc:subfield>
					</marc:datafield>
				</marc:record>
			</metadata>
		</record>