
		<record>
			<header>
				<identifier>oai:aleph-nkp.cz:DNT01-000012937</identifier>
				<datestamp>2021-08-01T12:09:39Z</datestamp>
				<setSpec>DNT-ALL</setSpec>
			</header>
			<metadata>
				<marc:record xmlns:marc="http://www.loc.gov/MARC21/slim"
					xmlns:xsi="http://www.w3.org/2001/XMLSchema-instance"
					xsi:schemaLocation="http://www.loc.gov/MARC21/slim
http://www.loc.gov/standards/marcxml/schema/MARC21slim.xsd">
					<marc:leader>     nam a22        4500</marc:leader>
					<marc:controlfield tag="001">000012937</marc:controlfield>
					<marc:controlfield tag="003">CZ PrDNT</marc:controlfield>
					<marc:controlfield tag="005">20200923160150.0</marc:controlfield>
					<marc:controlfield tag="008">010818s1976    xr |||||||||||000 u|cze d</marc:controlfield>
					<marc:datafield tag="015" ind1=" " ind2=" ">
						<marc:subfield code="a">cnb000410269</marc:subfield>
					</marc:datafield>
					<marc:datafield tag="020" ind1=" " ind2=" ">
						<marc:subfield code="q">(Váz.) :</marc:subfield>
						<marc:subfield code="c">Kč 22,00</marc:subfield>
					</marc:datafield>
					<marc:datafield tag="035" ind1=" " ind2=" ">
						<marc:subfield code="a">(CZ-PrSKC)016020003208564</marc:subfield>
					</marc:datafield>
					<marc:datafield tag="040" ind1=" " ind2=" ">
						<marc:subfield code="a">ULG001</marc:subfield>
						<marc:subfield code="b">cze</marc:subfield>
					</marc:datafield>
					<marc:datafield tag="072" ind1=" " ind2="7">
						<marc:subfield code="a">821.162.3-1</marc:subfield>
						<marc:subfield code="x">Česká poezie</marc:subfield>
						<marc:subfield code="2">Konspekt</marc:subfield>
						<marc:subfield code="9">25</marc:subfield>
					</marc:datafield>
					<marc:datafield tag="080" ind1=" " ind2=" ">
						<marc:subfield code="a">821.162.3-1</marc:subfield>
						<marc:subfield code="2">MRF-sel</marc:subfield>
					</marc:datafield>
					<marc:datafield tag="100" ind1="1" ind2=" ">
						<marc:subfield code="a">Lada, Josef,</marc:subfield>
						<marc:subfield code="d">1887-1957</marc:subfield>
						<marc:subfield code="7">jk01071364</marc:subfield>
						<marc:subfield code="4">aut</marc:subfield>
					</marc:datafield>
					<marc:datafield tag="245" ind1="1" ind2="0">
						<marc:subfield code="a">Kukadla /</marc:subfield>
						<marc:subfield code="c">Josef Lada ; [s verši lidové poezie a Josefa Foltýna]</marc:subfield>
					</marc:datafield>
					<marc:datafield tag="250" ind1=" " ind2=" ">
						<marc:subfield code="a">1. vyd.</marc:subfield>
					</marc:datafield>
					<marc:datafield tag="260" ind1=" " ind2=" ">
						<marc:subfield code="a">Praha :</marc:subfield>
						<marc:subfield code="b">Albatros,</marc:subfield>
						<marc:subfield code="c">1976</marc:subfield>
					</marc:datafield>
					<marc:datafield tag="300" ind1=" " ind2=" ">
						<marc:subfield code="a">[50] s. :</marc:subfield>
						<marc:subfield code="b">il.</marc:subfield>
					</marc:datafield>
					<marc:datafield tag="521" ind1="1" ind2=" ">
						<marc:subfield code="a">Pro děti od 3 let</marc:subfield>
					</marc:datafield>
					<marc:datafield tag="655" ind1=" " ind2="7">
						<marc:subfield code="a">říkadla</marc:subfield>
						<marc:subfield code="7">fd133992</marc:subfield>
						<marc:subfield code="2">czenas</marc:subfield>
					</marc:datafield>
					<marc:datafield tag="655" ind1=" " ind2="7">
						<marc:subfield code="a">česká poezie</marc:subfield>
						<marc:subfield code="7">fd133958</marc:subfield>
						<marc:subfield code="2">czenas</marc:subfield>
					</marc:datafield>
					<marc:datafield tag="700" ind1="1" ind2=" ">
						<marc:subfield code="a">Stivín, Josef,</marc:subfield>
						<marc:subfield code="d">1879-1941</marc:subfield>
						<marc:subfield code="7">jk01121204</marc:subfield>
						<marc:subfield code="4">aut</marc:subfield>
					</marc:datafield>
					<marc:datafield tag="856" ind1="4" ind2="1">
						<marc:subfield code="u">http://krameriusndk.nkp.cz/search/handle/uuid:4cebc780-159d-11e9-a9e5-005056827e52</marc:subfield>
						<marc:subfield code="y">Digitalizovaný dokument</marc:subfield>
					</marc:datafield>
					<marc:datafield tag="956" ind1="4" ind2=" ">
						<marc:subfield code="u">http://krameriusndk.nkp.cz/search/handle/uuid:4cebc780-159d-11e9-a9e5-005056827e52</marc:subfield>
						<marc:subfield code="9">A</marc:subfield>
					</marc:datafield>
					<marc:datafield tag="990" ind1=" " ind2=" ">
						<marc:subfield code="a">A</marc:subfield>
					</marc:datafield>
					<marc:datafield tag="992" ind1=" " ind2=" ">
						<marc:subfield code="s">A</marc:subfield>
						<marc:subfield code="a">20200101</marc:subfield>
						<marc:subfield code="b">batch</marc:subfield>
					</marc:datafield>
					<marc:datafield tag="998" ind1=" " ind2=" ">
						<marc:subfield code="a">DNT01-000012937</marc:subfield>
					</marc:datafield>
				</marc:record>
			</metadata>
		</record>