
		<record>
			<header>
				<identifier>oai:aleph-nkp.cz:DNT01-000012941</identifier>
				<datestamp>2021-08-01T12:09:39Z</datestamp>
				<setSpec>DNT-ALL</setSpec>
			</header>
			<metadata>
				<marc:record xmlns:marc="http://www.loc.gov/MARC21/slim"
					xmlns:xsi="http://www.w3.org/2001/XMLSchema-instance"
					xsi:schemaLocation="http://www.loc.gov/MARC21/slim
http://www.loc.gov/standards/marcxml/schema/MARC21slim.xsd">
					<marc:leader>     nam a22     1  4500</marc:leader>
					<marc:controlfield tag="001">000012941</marc:controlfield>
					<marc:controlfield tag="003">CZ PrDNT</marc:controlfield>
					<marc:controlfield tag="005">20171120100128.0</marc:controlfield>
					<marc:controlfield tag="008">970213s1977    xr     d |    00| f cze  </marc:controlfield>
					<marc:datafield tag="015" ind1=" " ind2=" ">
						<marc:subfield code="a">cnb000410276</marc:subfield>
					</marc:datafield>
					<marc:datafield tag="035" ind1=" " ind2=" ">
						<marc:subfield code="a">(CZ-PrSKC)bk197701369</marc:subfield>
					</marc:datafield>
					<marc:datafield tag="040" ind1=" " ind2=" ">
						<marc:subfield code="a">ABA001</marc:subfield>
						<marc:subfield code="b">cze</marc:subfield>
						<marc:subfield code="c">HKA001</marc:subfield>
						<marc:subfield code="d">ABA001</marc:subfield>
					</marc:datafield>
					<marc:datafield tag="041" ind1="1" ind2=" ">
						<marc:subfield code="a">cze</marc:subfield>
						<marc:subfield code="h">pol</marc:subfield>
					</marc:datafield>
					<marc:datafield tag="072" ind1=" " ind2="7">
						<marc:subfield code="a">821.162.1</marc:subfield>
						<marc:subfield code="x">Polská literatura</marc:subfield>
						<marc:subfield code="2">Konspekt</marc:subfield>
						<marc:subfield code="9">25</marc:subfield>
					</marc:datafield>
					<marc:datafield tag="080" ind1=" " ind2=" ">
						<marc:subfield code="a">821.162.1-31</marc:subfield>
						<marc:subfield code="2">MRF</marc:subfield>
					</marc:datafield>
					<marc:datafield tag="080" ind1=" " ind2=" ">
						<marc:subfield code="a">(0:82-31)</marc:subfield>
						<marc:subfield code="2">MRF</marc:subfield>
					</marc:datafield>
					<marc:datafield tag="100" ind1="1" ind2=" ">
						<marc:subfield code="a">Platówna, Stanisława,</marc:subfield>
						<marc:subfield code="d">1924-1975</marc:subfield>
						<marc:subfield code="7">xx0026151</marc:subfield>
						<marc:subfield code="4">aut</marc:subfield>
					</marc:datafield>
					<marc:datafield tag="245" ind1="1" ind2="0">
						<marc:subfield code="a">Skok přes kůži /</marc:subfield>
						<marc:subfield code="c">Stanisława Platówna ; [přeložila Helena Sofrová ; ilustroval Jiří Petráček]</marc:subfield>
					</marc:datafield>
					<marc:datafield tag="250" ind1=" " ind2=" ">
						<marc:subfield code="a">1. vyd.</marc:subfield>
					</marc:datafield>
					<marc:datafield tag="260" ind1=" " ind2=" ">
						<marc:subfield code="a">Praha :</marc:subfield>
						<marc:subfield code="b">Lidové nakladatelství,</marc:subfield>
						<marc:subfield code="c">1977</marc:subfield>
						<marc:subfield code="e">(Přerov :</marc:subfield>
						<marc:subfield code="f">Tisk 4)</marc:subfield>
					</marc:datafield>
					<marc:datafield tag="300" ind1=" " ind2=" ">
						<marc:subfield code="a">317 s. ;</marc:subfield>
						<marc:subfield code="c">8°</marc:subfield>
					</marc:datafield>
					<marc:datafield tag="490" ind1="1" ind2=" ">
						<marc:subfield code="a">LN dívkám</marc:subfield>
					</marc:datafield>
					<marc:datafield tag="500" ind1=" " ind2=" ">
						<marc:subfield code="a">35000 výt.</marc:subfield>
					</marc:datafield>
					<marc:datafield tag="500" ind1=" " ind2=" ">
						<marc:subfield code="a">Frontispice</marc:subfield>
					</marc:datafield>
					<marc:datafield tag="500" ind1=" " ind2=" ">
						<marc:subfield code="a">Obálku s použitím kresby ilutrátora navrhl Leo Novotný</marc:subfield>
					</marc:datafield>
					<marc:datafield tag="520" ind1="2" ind2=" ">
						<marc:subfield code="a">Příběh patnáctileté Barbory, která se rozhodne za každou cenu zachránit rozpadající se manželství svých rodičů. Autorka citlivě zachycuje dospívání polských chlapců a děvčat, jejich radosti, starosti a zábavy.</marc:subfield>
					</marc:datafield>
					<marc:datafield tag="521" ind1="8" ind2=" ">
						<marc:subfield code="a">Pro děvčata od 14 let</marc:subfield>
					</marc:datafield>
					<marc:datafield tag="655" ind1=" " ind2="7">
						<marc:subfield code="a">polské romány</marc:subfield>
						<marc:subfield code="7">fd133084</marc:subfield>
						<marc:subfield code="2">czenas</marc:subfield>
					</marc:datafield>
					<marc:datafield tag="655" ind1=" " ind2="7">
						<marc:subfield code="a">dívčí romány</marc:subfield>
						<marc:subfield code="7">fd132186</marc:subfield>
						<marc:subfield code="2">czenas</marc:subfield>
					</marc:datafield>
					<marc:datafield tag="765" ind1="0" ind2=" ">
						<marc:subfield code="t">Skok przez skórę</marc:subfield>
						<marc:subfield code="9">Česky</marc:subfield>
					</marc:datafield>
					<marc:datafield tag="830" ind1=" " ind2="0">
						<marc:subfield code="a">Lidové nakladatelství dívkám</marc:subfield>
					</marc:datafield>
					<marc:datafield tag="856" ind1="4" ind2="1">
						<marc:subfield code="u">http://krameriusndk.nkp.cz/search/handle/uuid:2ecafe10-a7e9-11e2-b6da-005056827e52</marc:subfield>
						<marc:subfield code="y">Digitalizovaný dokument</marc:subfield>
					</marc:datafield>
					<marc:datafield tag="956" ind1="4" ind2=" ">
						<marc:subfield code="u">http://krameriusndk.nkp.cz/search/handle/uuid:2ecafe10-a7e9-11e2-b6da-005056827e52</marc:subfield>
						<marc:subfield code="9">A</marc:subfield>
					</marc:datafield>
					<marc:datafield tag="990" ind1=" " ind2=" ">
						<marc:subfield code="a">A</marc:subfield>
					</marc:datafield>
					<marc:datafield tag="992" ind1=" " ind2=" ">
						<marc:subfield code="s">A</marc:subfield>
						<marc:subfield code="a">20200101</marc:subfield>
						<marc:subfield code="b">batch</marc:subfield>
					</marc:datafield>
					<marc:datafield tag="998" ind1=" " ind2=" ">
						<marc:subfield code="a">DNT01-000012941</marc:subfield>
					</marc:datafield>
				</marc:record>
			</metadata>
		</record>