
		<record>
			<header>
				<identifier>oai:aleph-nkp.cz:DNT01-000012936</identifier>
				<datestamp>2021-08-01T12:09:39Z</datestamp>
				<setSpec>DNT-ALL</setSpec>
			</header>
			<metadata>
				<marc:record xmlns:marc="http://www.loc.gov/MARC21/slim"
					xmlns:xsi="http://www.w3.org/2001/XMLSchema-instance"
					xsi:schemaLocation="http://www.loc.gov/MARC21/slim
http://www.loc.gov/standards/marcxml/schema/MARC21slim.xsd">
					<marc:leader>     nam a22      i 4500</marc:leader>
					<marc:controlfield tag="001">000012936</marc:controlfield>
					<marc:controlfield tag="003">CZ PrDNT</marc:controlfield>
					<marc:controlfield tag="005">20160113154359.0</marc:controlfield>
					<marc:controlfield tag="007">ta</marc:controlfield>
					<marc:controlfield tag="008">970213s1977    xr af  d      000 f cze  </marc:controlfield>
					<marc:datafield tag="015" ind1=" " ind2=" ">
						<marc:subfield code="a">cnb000410268</marc:subfield>
					</marc:datafield>
					<marc:datafield tag="020" ind1=" " ind2=" ">
						<marc:subfield code="q">(Vázáno)</marc:subfield>
					</marc:datafield>
					<marc:datafield tag="035" ind1=" " ind2=" ">
						<marc:subfield code="a">(CZ-PrSKC)PAG0013028</marc:subfield>
					</marc:datafield>
					<marc:datafield tag="040" ind1=" " ind2=" ">
						<marc:subfield code="a">ABA001</marc:subfield>
						<marc:subfield code="b">cze</marc:subfield>
						<marc:subfield code="c">HKA001</marc:subfield>
						<marc:subfield code="d">ABA001</marc:subfield>
						<marc:subfield code="d">PAG001</marc:subfield>
						<marc:subfield code="e">rda</marc:subfield>
					</marc:datafield>
					<marc:datafield tag="072" ind1=" " ind2="7">
						<marc:subfield code="a">821.162.3-3</marc:subfield>
						<marc:subfield code="x">Česká próza</marc:subfield>
						<marc:subfield code="2">Konspekt</marc:subfield>
						<marc:subfield code="9">25</marc:subfield>
					</marc:datafield>
					<marc:datafield tag="072" ind1=" " ind2="7">
						<marc:subfield code="a">821-93</marc:subfield>
						<marc:subfield code="x">Literatura pro děti a mládež (beletrie)</marc:subfield>
						<marc:subfield code="2">Konspekt</marc:subfield>
						<marc:subfield code="9">26</marc:subfield>
					</marc:datafield>
					<marc:datafield tag="080" ind1=" " ind2=" ">
						<marc:subfield code="a">821-93</marc:subfield>
						<marc:subfield code="2">MRF</marc:subfield>
					</marc:datafield>
					<marc:datafield tag="080" ind1=" " ind2=" ">
						<marc:subfield code="a">821.162.3-31</marc:subfield>
						<marc:subfield code="2">MRF</marc:subfield>
					</marc:datafield>
					<marc:datafield tag="080" ind1=" " ind2=" ">
						<marc:subfield code="a">(0:82-311.3)</marc:subfield>
						<marc:subfield code="2">MRF</marc:subfield>
					</marc:datafield>
					<marc:datafield tag="100" ind1="1" ind2=" ">
						<marc:subfield code="a">Kutík, Josef,</marc:subfield>
						<marc:subfield code="d">1923-1987</marc:subfield>
						<marc:subfield code="7">jk01071094</marc:subfield>
						<marc:subfield code="4">aut</marc:subfield>
					</marc:datafield>
					<marc:datafield tag="245" ind1="1" ind2="0">
						<marc:subfield code="a">Bílá vydra /</marc:subfield>
						<marc:subfield code="c">Josef Kutík ; Ilustrace Eva Hašková</marc:subfield>
					</marc:datafield>
					<marc:datafield tag="250" ind1=" " ind2=" ">
						<marc:subfield code="a">První vydání</marc:subfield>
					</marc:datafield>
					<marc:datafield tag="264" ind1=" " ind2="1">
						<marc:subfield code="a">Praha :</marc:subfield>
						<marc:subfield code="b">Mladá fronta,</marc:subfield>
						<marc:subfield code="c">1977</marc:subfield>
					</marc:datafield>
					<marc:datafield tag="300" ind1=" " ind2=" ">
						<marc:subfield code="a">331 stran, 8 listů nečíslovaných obrazových příloh ;</marc:subfield>
						<marc:subfield code="c">20 cm</marc:subfield>
					</marc:datafield>
					<marc:datafield tag="336" ind1=" " ind2=" ">
						<marc:subfield code="a">text</marc:subfield>
						<marc:subfield code="b">txt</marc:subfield>
						<marc:subfield code="2">rdacontent</marc:subfield>
					</marc:datafield>
					<marc:datafield tag="337" ind1=" " ind2=" ">
						<marc:subfield code="a">bez média</marc:subfield>
						<marc:subfield code="b">n</marc:subfield>
						<marc:subfield code="2">rdamedia</marc:subfield>
					</marc:datafield>
					<marc:datafield tag="338" ind1=" " ind2=" ">
						<marc:subfield code="a">svazek</marc:subfield>
						<marc:subfield code="b">nc</marc:subfield>
						<marc:subfield code="2">rdacarrier</marc:subfield>
					</marc:datafield>
					<marc:datafield tag="490" ind1="1" ind2=" ">
						<marc:subfield code="a">Edice 13 ;</marc:subfield>
						<marc:subfield code="v">Svazek 96</marc:subfield>
					</marc:datafield>
					<marc:datafield tag="500" ind1=" " ind2=" ">
						<marc:subfield code="a">Typografie Milan Kopřiva</marc:subfield>
					</marc:datafield>
					<marc:datafield tag="500" ind1=" " ind2=" ">
						<marc:subfield code="a">Ilustrované předsádky</marc:subfield>
					</marc:datafield>
					<marc:datafield tag="500" ind1=" " ind2=" ">
						<marc:subfield code="a">15000 výtisků</marc:subfield>
					</marc:datafield>
					<marc:datafield tag="653" ind1="0" ind2=" ">
						<marc:subfield code="a">česká literatura</marc:subfield>
						<marc:subfield code="a">příběhy pro děti</marc:subfield>
						<marc:subfield code="a">dobrodružství</marc:subfield>
					</marc:datafield>
					<marc:datafield tag="655" ind1=" " ind2="7">
						<marc:subfield code="a">české romány</marc:subfield>
						<marc:subfield code="7">fd133974</marc:subfield>
						<marc:subfield code="2">czenas</marc:subfield>
					</marc:datafield>
					<marc:datafield tag="655" ind1=" " ind2="7">
						<marc:subfield code="a">dobrodružné romány</marc:subfield>
						<marc:subfield code="7">fd132061</marc:subfield>
						<marc:subfield code="2">czenas</marc:subfield>
					</marc:datafield>
					<marc:datafield tag="655" ind1=" " ind2="7">
						<marc:subfield code="a">publikace pro mládež</marc:subfield>
						<marc:subfield code="7">fd133157</marc:subfield>
						<marc:subfield code="2">czenas</marc:subfield>
					</marc:datafield>
					<marc:datafield tag="700" ind1="1" ind2=" ">
						<marc:subfield code="a">Hašková, Eva,</marc:subfield>
						<marc:subfield code="d">1946-</marc:subfield>
						<marc:subfield code="7">jk01040114</marc:subfield>
						<marc:subfield code="4">ill</marc:subfield>
					</marc:datafield>
					<marc:datafield tag="830" ind1=" " ind2="0">
						<marc:subfield code="a">Edice 13</marc:subfield>
					</marc:datafield>
					<marc:datafield tag="856" ind1="4" ind2="1">
						<marc:subfield code="u">http://krameriusndk.nkp.cz/search/handle/uuid:a5e95a70-1ee3-11e3-a5bb-005056827e52</marc:subfield>
						<marc:subfield code="y">Digitalizovaný dokument</marc:subfield>
					</marc:datafield>
					<marc:datafield tag="956" ind1="4" ind2=" ">
						<marc:subfield code="u">http://krameriusndk.nkp.cz/search/handle/uuid:a5e95a70-1ee3-11e3-a5bb-005056827e52</marc:subfield>
						<marc:subfield code="9">A</marc:subfield>
					</marc:datafield>
					<marc:datafield tag="990" ind1=" " ind2=" ">
						<marc:subfield code="a">A</marc:subfield>
					</marc:datafield>
					<marc:datafield tag="992" ind1=" " ind2=" ">
						<marc:subfield code="s">A</marc:subfield>
						<marc:subfield code="a">20200101</marc:subfield>
						<marc:subfield code="b">batch</marc:subfield>
					</marc:datafield>
					<marc:datafield tag="998" ind1=" " ind2=" ">
						<marc:subfield code="a">DNT01-000012936</marc:subfield>
					</marc:datafield>
				</marc:record>
			</metadata>
		</record>