
		<record>
			<header>
				<identifier>oai:aleph-nkp.cz:DNT01-000064254</identifier>
				<datestamp>2021-08-01T12:09:39Z</datestamp>
				<setSpec>DNT-ALL</setSpec>
			</header>
			<metadata>
				<marc:record xmlns:marc="http://www.loc.gov/MARC21/slim"
					xmlns:xsi="http://www.w3.org/2001/XMLSchema-instance"
					xsi:schemaLocation="http://www.loc.gov/MARC21/slim
http://www.loc.gov/standards/marcxml/schema/MARC21slim.xsd">
					<marc:leader>     cam a22     7a 4500</marc:leader>
					<marc:controlfield tag="001">000064254</marc:controlfield>
					<marc:controlfield tag="003">CZ PrDNT</marc:controlfield>
					<marc:controlfield tag="005">20140902162430.0</marc:controlfield>
					<marc:controlfield tag="008">050121s1922    xr            000 | fre  </marc:controlfield>
					<marc:datafield tag="015" ind1=" " ind2=" ">
						<marc:subfield code="a">cnb001523246</marc:subfield>
					</marc:datafield>
					<marc:datafield tag="035" ind1=" " ind2=" ">
						<marc:subfield code="a">(CZ-PrSKC)001826824</marc:subfield>
					</marc:datafield>
					<marc:datafield tag="040" ind1=" " ind2=" ">
						<marc:subfield code="a">ABA001</marc:subfield>
						<marc:subfield code="b">cze</marc:subfield>
						<marc:subfield code="c">ABA001</marc:subfield>
						<marc:subfield code="d">ABD001</marc:subfield>
					</marc:datafield>
					<marc:datafield tag="041" ind1="0" ind2=" ">
						<marc:subfield code="a">fre</marc:subfield>
						<marc:subfield code="a">cze</marc:subfield>
					</marc:datafield>
					<marc:datafield tag="072" ind1=" " ind2="7">
						<marc:subfield code="a">821.13</marc:subfield>
						<marc:subfield code="x">Románské literatury</marc:subfield>
						<marc:subfield code="2">Konspekt</marc:subfield>
						<marc:subfield code="9">25</marc:subfield>
					</marc:datafield>
					<marc:datafield tag="100" ind1="1" ind2=" ">
						<marc:subfield code="a">Studničková, Růžena,</marc:subfield>
						<marc:subfield code="d">1873-1957</marc:subfield>
						<marc:subfield code="7">jk01121589</marc:subfield>
						<marc:subfield code="4">aut</marc:subfield>
					</marc:datafield>
					<marc:datafield tag="245" ind1="1" ind2="0">
						<marc:subfield code="a">Petite grammaire complete :</marc:subfield>
						<marc:subfield code="b">stručný přehled veškerých pravidel francouzské mluvnice /</marc:subfield>
						<marc:subfield code="c">dle pařížských mluvnic v příručku upravila Růžena Studničková</marc:subfield>
					</marc:datafield>
					<marc:datafield tag="260" ind1=" " ind2=" ">
						<marc:subfield code="a">V Olomouci :</marc:subfield>
						<marc:subfield code="b">R. Promberger,</marc:subfield>
						<marc:subfield code="c">1922</marc:subfield>
					</marc:datafield>
					<marc:datafield tag="300" ind1=" " ind2=" ">
						<marc:subfield code="a">155 s. ;</marc:subfield>
						<marc:subfield code="c">18 cm</marc:subfield>
					</marc:datafield>
					<marc:datafield tag="490" ind1="1" ind2=" ">
						<marc:subfield code="a">Sborník příruček ;</marc:subfield>
						<marc:subfield code="v">sv. 24</marc:subfield>
					</marc:datafield>
					<marc:datafield tag="856" ind1="4" ind2="1">
						<marc:subfield code="u">http://krameriusndk.nkp.cz/search/handle/uuid:a91c44a0-7b24-11e6-afc6-005056827e52</marc:subfield>
						<marc:subfield code="y">Digitalizovaný dokument</marc:subfield>
					</marc:datafield>
					<marc:datafield tag="956" ind1="4" ind2=" ">
						<marc:subfield code="u">http://krameriusndk.nkp.cz/search/handle/uuid:a91c44a0-7b24-11e6-afc6-005056827e52</marc:subfield>
						<marc:subfield code="9">A</marc:subfield>
					</marc:datafield>
					<marc:datafield tag="990" ind1=" " ind2=" ">
						<marc:subfield code="a">A</marc:subfield>
					</marc:datafield>
					<marc:datafield tag="992" ind1=" " ind2=" ">
						<marc:subfield code="s">A</marc:subfield>
						<marc:subfield code="a">20200101</marc:subfield>
						<marc:subfield code="b">batch</marc:subfield>
					</marc:datafield>
					<marc:datafield tag="998" ind1=" " ind2=" ">
						<marc:subfield code="a">DNT01-000064254</marc:subfield>
					</marc:datafield>
				</marc:record>
			</metadata>
		</record>