
		<record>
			<header>
				<identifier>oai:aleph-nkp.cz:DNT01-000110657</identifier>
				<datestamp>2021-08-01T12:09:39Z</datestamp>
				<setSpec>DNT-ALL</setSpec>
			</header>
			<metadata>
				<marc:record xmlns:marc="http://www.loc.gov/MARC21/slim"
					xmlns:xsi="http://www.w3.org/2001/XMLSchema-instance"
					xsi:schemaLocation="http://www.loc.gov/MARC21/slim
http://www.loc.gov/standards/marcxml/schema/MARC21slim.xsd">
					<marc:leader>     nam a22      a 4500</marc:leader>
					<marc:controlfield tag="001">000110657</marc:controlfield>
					<marc:controlfield tag="003">CZ PrDNT</marc:controlfield>
					<marc:controlfield tag="005">20091022135550.0</marc:controlfield>
					<marc:controlfield tag="007">tu</marc:controlfield>
					<marc:controlfield tag="008">031204s2003    xr     e      000 0 cze  </marc:controlfield>
					<marc:datafield tag="015" ind1=" " ind2=" ">
						<marc:subfield code="a">cnb001285785</marc:subfield>
					</marc:datafield>
					<marc:datafield tag="020" ind1=" " ind2=" ">
						<marc:subfield code="a">80-247-0768-3</marc:subfield>
						<marc:subfield code="q">(brož.)</marc:subfield>
					</marc:datafield>
					<marc:datafield tag="035" ind1=" " ind2=" ">
						<marc:subfield code="a">(CZ-PrSKC)cpk20031285785</marc:subfield>
					</marc:datafield>
					<marc:datafield tag="040" ind1=" " ind2=" ">
						<marc:subfield code="a">ABA001</marc:subfield>
						<marc:subfield code="b">cze</marc:subfield>
					</marc:datafield>
					<marc:datafield tag="043" ind1=" " ind2=" ">
						<marc:subfield code="a">e-xr---</marc:subfield>
					</marc:datafield>
					<marc:datafield tag="072" ind1=" " ind2="7">
						<marc:subfield code="a">3</marc:subfield>
						<marc:subfield code="x">Společenské vědy</marc:subfield>
						<marc:subfield code="2">Konspekt</marc:subfield>
						<marc:subfield code="9">18</marc:subfield>
					</marc:datafield>
					<marc:datafield tag="080" ind1=" " ind2=" ">
						<marc:subfield code="a">72/76(091)</marc:subfield>
						<marc:subfield code="2">MRF</marc:subfield>
					</marc:datafield>
					<marc:datafield tag="080" ind1=" " ind2=" ">
						<marc:subfield code="a">340</marc:subfield>
						<marc:subfield code="2">MRF</marc:subfield>
					</marc:datafield>
					<marc:datafield tag="080" ind1=" " ind2=" ">
						<marc:subfield code="a">34(091)</marc:subfield>
						<marc:subfield code="2">MRF</marc:subfield>
					</marc:datafield>
					<marc:datafield tag="080" ind1=" " ind2=" ">
						<marc:subfield code="a">94(100)</marc:subfield>
						<marc:subfield code="2">MRF</marc:subfield>
					</marc:datafield>
					<marc:datafield tag="080" ind1=" " ind2=" ">
						<marc:subfield code="a">94(437.3)</marc:subfield>
						<marc:subfield code="2">MRF</marc:subfield>
					</marc:datafield>
					<marc:datafield tag="080" ind1=" " ind2=" ">
						<marc:subfield code="a">(035)</marc:subfield>
						<marc:subfield code="2">MRF</marc:subfield>
					</marc:datafield>
					<marc:datafield tag="100" ind1="1" ind2=" ">
						<marc:subfield code="a">Anděl, Petr,</marc:subfield>
						<marc:subfield code="d">1977-</marc:subfield>
						<marc:subfield code="7">js20020527014</marc:subfield>
						<marc:subfield code="4">aut</marc:subfield>
					</marc:datafield>
					<marc:datafield tag="245" ind1="1" ind2="0">
						<marc:subfield code="a">Jak se dostat na práva /</marc:subfield>
						<marc:subfield code="c">Petr Anděl</marc:subfield>
					</marc:datafield>
					<marc:datafield tag="250" ind1=" " ind2=" ">
						<marc:subfield code="a">6., aktualiz. vyd.</marc:subfield>
					</marc:datafield>
					<marc:datafield tag="260" ind1=" " ind2=" ">
						<marc:subfield code="a">Praha :</marc:subfield>
						<marc:subfield code="b">Grada,</marc:subfield>
						<marc:subfield code="c">2003</marc:subfield>
					</marc:datafield>
					<marc:datafield tag="300" ind1=" " ind2=" ">
						<marc:subfield code="a">180 s. ;</marc:subfield>
						<marc:subfield code="c">21 cm</marc:subfield>
					</marc:datafield>
					<marc:datafield tag="490" ind1="1" ind2=" ">
						<marc:subfield code="a">Právo pro každého</marc:subfield>
					</marc:datafield>
					<marc:datafield tag="504" ind1=" " ind2=" ">
						<marc:subfield code="a">Obsahuje bibliografii</marc:subfield>
					</marc:datafield>
					<marc:datafield tag="520" ind1="2" ind2=" ">
						<marc:subfield code="a">Další aktualizované (již 6. vydání) příručky, která shrnuje základní znalosti z humanitních oborů, které jsou nezbytné k úspěšnému zvládnutí přijímacího řízení na právnické fakulty a ostatní vysoké školy humanitního zaměření. Text tohoto vydání reaguje na požadavky humanitních vysokých škol. Zařazeny jsou tu i latinské výrazy používané v právní praxi. Za prostudování stojí výklad systému a fungování vysokých škol. Své znalosti si mohou studenti ověřit v závěrečném cvičném testu. Je připojen též seznam použité literatury, ve které lze nalézt další, podrobnější informace.</marc:subfield>
					</marc:datafield>
					<marc:datafield tag="520" ind1="2" ind2=" ">
						<marc:subfield code="a">Přehled faktografie z oblasti dějin, dějin umění, mezinárodních vztahů, dějin státu a práva atd. je určen uchazečům o studium práv a humanitních oborů.</marc:subfield>
					</marc:datafield>
					<marc:datafield tag="650" ind1="0" ind2="7">
						<marc:subfield code="a">dějiny umění</marc:subfield>
						<marc:subfield code="7">ph119698</marc:subfield>
						<marc:subfield code="2">czenas</marc:subfield>
					</marc:datafield>
					<marc:datafield tag="650" ind1="0" ind2="7">
						<marc:subfield code="a">právní věda</marc:subfield>
						<marc:subfield code="7">ph115913</marc:subfield>
						<marc:subfield code="2">czenas</marc:subfield>
					</marc:datafield>
					<marc:datafield tag="650" ind1="0" ind2="7">
						<marc:subfield code="a">právní dějiny</marc:subfield>
						<marc:subfield code="7">ph164957</marc:subfield>
						<marc:subfield code="2">czenas</marc:subfield>
					</marc:datafield>
					<marc:datafield tag="650" ind1="0" ind2="7">
						<marc:subfield code="a">světové dějiny</marc:subfield>
						<marc:subfield code="7">ph117271</marc:subfield>
						<marc:subfield code="2">czenas</marc:subfield>
					</marc:datafield>
					<marc:datafield tag="651" ind1=" " ind2="7">
						<marc:subfield code="a">Česko</marc:subfield>
						<marc:subfield code="7">ge128065</marc:subfield>
						<marc:subfield code="x">dějiny</marc:subfield>
						<marc:subfield code="2">czenas</marc:subfield>
					</marc:datafield>
					<marc:datafield tag="655" ind1=" " ind2="7">
						<marc:subfield code="a">příručky</marc:subfield>
						<marc:subfield code="7">fd133209</marc:subfield>
						<marc:subfield code="2">czenas</marc:subfield>
					</marc:datafield>
					<marc:datafield tag="830" ind1=" " ind2="0">
						<marc:subfield code="a">Právo pro každého (Grada)</marc:subfield>
					</marc:datafield>
					<marc:datafield tag="856" ind1="4" ind2="1">
						<marc:subfield code="u">http://krameriusndk.nkp.cz/search/handle/uuid:222a89c0-4ac6-11e3-ad8c-005056827e52</marc:subfield>
						<marc:subfield code="y">Digitalizovaný dokument</marc:subfield>
					</marc:datafield>
					<marc:datafield tag="956" ind1="4" ind2=" ">
						<marc:subfield code="u">http://krameriusndk.nkp.cz/search/handle/uuid:222a89c0-4ac6-11e3-ad8c-005056827e52</marc:subfield>
						<marc:subfield code="9">A</marc:subfield>
						<marc:subfield code="9">NZ</marc:subfield>
					</marc:datafield>
					<marc:datafield tag="990" ind1=" " ind2=" ">
						<marc:subfield code="a">A</marc:subfield>
					</marc:datafield>
					<marc:datafield tag="990" ind1=" " ind2=" ">
						<marc:subfield code="a">NZ</marc:subfield>
					</marc:datafield>
					<marc:datafield tag="992" ind1=" " ind2=" ">
						<marc:subfield code="s">PA</marc:subfield>
						<marc:subfield code="a">20200731</marc:subfield>
						<marc:subfield code="b">batch</marc:subfield>
					</marc:datafield>
					<marc:datafield tag="992" ind1=" " ind2=" ">
						<marc:subfield code="s">NZ</marc:subfield>
						<marc:subfield code="a">20210109</marc:subfield>
						<marc:subfield code="b">batch</marc:subfield>
					</marc:datafield>
					<marc:datafield tag="992" ind1=" " ind2=" ">
						<marc:subfield code="s">A</marc:subfield>
						<marc:subfield code="a">20210201</marc:subfield>
						<marc:subfield code="b">batch</marc:subfield>
					</marc:datafield>
					<marc:datafield tag="998" ind1=" " ind2=" ">
						<marc:subfield code="a">DNT01-000110657</marc:subfield>
					</marc:datafield>
				</marc:record>
			</metadata>
		</record>