
		<record>
			<header>
				<identifier>oai:aleph-nkp.cz:DNT01-000110658</identifier>
				<datestamp>2021-08-01T12:09:39Z</datestamp>
				<setSpec>DNT-ALL</setSpec>
			</header>
			<metadata>
				<marc:record xmlns:marc="http://www.loc.gov/MARC21/slim"
					xmlns:xsi="http://www.w3.org/2001/XMLSchema-instance"
					xsi:schemaLocation="http://www.loc.gov/MARC21/slim
http://www.loc.gov/standards/marcxml/schema/MARC21slim.xsd">
					<marc:leader>     cam a22      a 4500</marc:leader>
					<marc:controlfield tag="001">000110658</marc:controlfield>
					<marc:controlfield tag="003">CZ PrDNT</marc:controlfield>
					<marc:controlfield tag="005">20040108122521.0</marc:controlfield>
					<marc:controlfield tag="007">tu</marc:controlfield>
					<marc:controlfield tag="008">031203s2003    xr a   e      000 0 cze  </marc:controlfield>
					<marc:datafield tag="015" ind1=" " ind2=" ">
						<marc:subfield code="a">cnb001285786</marc:subfield>
					</marc:datafield>
					<marc:datafield tag="020" ind1=" " ind2=" ">
						<marc:subfield code="a">80-247-0799-3</marc:subfield>
						<marc:subfield code="q">(brož.)</marc:subfield>
					</marc:datafield>
					<marc:datafield tag="035" ind1=" " ind2=" ">
						<marc:subfield code="a">(CZ-PrSKC)cpk20031285786</marc:subfield>
					</marc:datafield>
					<marc:datafield tag="040" ind1=" " ind2=" ">
						<marc:subfield code="a">BOA001</marc:subfield>
						<marc:subfield code="b">cze</marc:subfield>
						<marc:subfield code="d">ABA001</marc:subfield>
					</marc:datafield>
					<marc:datafield tag="072" ind1=" " ind2="7">
						<marc:subfield code="a">316.4/.7</marc:subfield>
						<marc:subfield code="x">Sociální interakce. Sociální komunikace</marc:subfield>
						<marc:subfield code="2">Konspekt</marc:subfield>
						<marc:subfield code="9">18</marc:subfield>
					</marc:datafield>
					<marc:datafield tag="080" ind1=" " ind2=" ">
						<marc:subfield code="a">316.346.2</marc:subfield>
						<marc:subfield code="2">MRF</marc:subfield>
					</marc:datafield>
					<marc:datafield tag="080" ind1=" " ind2=" ">
						<marc:subfield code="a">159.922.1</marc:subfield>
						<marc:subfield code="2">MRF</marc:subfield>
					</marc:datafield>
					<marc:datafield tag="080" ind1=" " ind2=" ">
						<marc:subfield code="a">316.472.42</marc:subfield>
						<marc:subfield code="2">MRF</marc:subfield>
					</marc:datafield>
					<marc:datafield tag="080" ind1=" " ind2=" ">
						<marc:subfield code="a">316.772.4</marc:subfield>
						<marc:subfield code="2">MRF</marc:subfield>
					</marc:datafield>
					<marc:datafield tag="080" ind1=" " ind2=" ">
						<marc:subfield code="a">(0.062)</marc:subfield>
						<marc:subfield code="2">MRF</marc:subfield>
					</marc:datafield>
					<marc:datafield tag="100" ind1="1" ind2=" ">
						<marc:subfield code="a">Gruber, David,</marc:subfield>
						<marc:subfield code="d">1955-</marc:subfield>
						<marc:subfield code="7">jn19990010065</marc:subfield>
						<marc:subfield code="4">aut</marc:subfield>
					</marc:datafield>
					<marc:datafield tag="245" ind1="1" ind2="0">
						<marc:subfield code="a">Proč ženy muže (ne)chápou :</marc:subfield>
						<marc:subfield code="b">čtení o mužích a ženách /</marc:subfield>
						<marc:subfield code="c">David Gruber</marc:subfield>
					</marc:datafield>
					<marc:datafield tag="250" ind1=" " ind2=" ">
						<marc:subfield code="a">1. vyd.</marc:subfield>
					</marc:datafield>
					<marc:datafield tag="260" ind1=" " ind2=" ">
						<marc:subfield code="a">Praha :</marc:subfield>
						<marc:subfield code="b">Grada,</marc:subfield>
						<marc:subfield code="c">2003</marc:subfield>
					</marc:datafield>
					<marc:datafield tag="300" ind1=" " ind2=" ">
						<marc:subfield code="a">160 s. :</marc:subfield>
						<marc:subfield code="b">il. ;</marc:subfield>
						<marc:subfield code="c">21 cm</marc:subfield>
					</marc:datafield>
					<marc:datafield tag="504" ind1=" " ind2=" ">
						<marc:subfield code="a">Obsahuje bibliografii</marc:subfield>
					</marc:datafield>
					<marc:datafield tag="520" ind1="2" ind2=" ">
						<marc:subfield code="a">Autor hledá odpovědi na prastarou otázku o vzájemném nepochopení mezi muži a ženami, kdy komunikace mezi oběma pohlavími vázne a nastávají konfliktní situace. Příčinou je známá pravda o tom, že ženy a muži vnímají stejnou věc různě, liší se v základních přístupech k životu. Ženy mají větší smysl pro detail, jsou schopny dělat několik věcí najednou, potřebují si povídat a vůbec se celkově odlišují od mužů - přístupem k sexu počínaje a vymačkáváním zubní pasty konče. Proto autor nabízí v zábavné podobě několik poučení, jak uspět v mužsko-ženské komunikaci a jak se přenést přes základní nedorozumění daná pohlavními rozdíly. Svoje výklady doplňuje ukázkovými rozhovory mezi muži a ženami a dvěma beletristickými příběhy dokládajícími popisovaná tvrzení. Publikace o rozdílech mezi muži a ženami, napsaná z pohledu českého muže.</marc:subfield>
					</marc:datafield>
					<marc:datafield tag="520" ind1="2" ind2=" ">
						<marc:subfield code="a">Ryze český pohled na specifika vztahů mezi muži a ženami, která se promítají do jejich vzájemné komunikace.</marc:subfield>
					</marc:datafield>
					<marc:datafield tag="650" ind1="0" ind2="7">
						<marc:subfield code="a">muži a ženy</marc:subfield>
						<marc:subfield code="7">ph123061</marc:subfield>
						<marc:subfield code="2">czenas</marc:subfield>
					</marc:datafield>
					<marc:datafield tag="650" ind1="0" ind2="7">
						<marc:subfield code="a">psychologie pohlaví</marc:subfield>
						<marc:subfield code="7">ph187617</marc:subfield>
						<marc:subfield code="2">czenas</marc:subfield>
					</marc:datafield>
					<marc:datafield tag="650" ind1="0" ind2="7">
						<marc:subfield code="a">partnerské vztahy</marc:subfield>
						<marc:subfield code="7">ph115684</marc:subfield>
						<marc:subfield code="2">czenas</marc:subfield>
					</marc:datafield>
					<marc:datafield tag="650" ind1="0" ind2="7">
						<marc:subfield code="a">interpersonální komunikace</marc:subfield>
						<marc:subfield code="7">ph121153</marc:subfield>
						<marc:subfield code="2">czenas</marc:subfield>
					</marc:datafield>
					<marc:datafield tag="655" ind1=" " ind2="7">
						<marc:subfield code="a">populárně-naučné publikace</marc:subfield>
						<marc:subfield code="7">fd131864</marc:subfield>
						<marc:subfield code="2">czenas</marc:subfield>
					</marc:datafield>
					<marc:datafield tag="856" ind1="4" ind2="1">
						<marc:subfield code="u">http://krameriusndk.nkp.cz/search/handle/uuid:19dad290-0347-11e4-89c6-005056827e51</marc:subfield>
						<marc:subfield code="y">Digitalizovaný dokument</marc:subfield>
					</marc:datafield>
					<marc:datafield tag="956" ind1="4" ind2=" ">
						<marc:subfield code="u">http://krameriusndk.nkp.cz/search/handle/uuid:19dad290-0347-11e4-89c6-005056827e51</marc:subfield>
						<marc:subfield code="9">A</marc:subfield>
						<marc:subfield code="9">NZ</marc:subfield>
					</marc:datafield>
					<marc:datafield tag="990" ind1=" " ind2=" ">
						<marc:subfield code="a">A</marc:subfield>
					</marc:datafield>
					<marc:datafield tag="990" ind1=" " ind2=" ">
						<marc:subfield code="a">NZ</marc:subfield>
					</marc:datafield>
					<marc:datafield tag="992" ind1=" " ind2=" ">
						<marc:subfield code="s">PA</marc:subfield>
						<marc:subfield code="a">20200731</marc:subfield>
						<marc:subfield code="b">batch</marc:subfield>
					</marc:datafield>
					<marc:datafield tag="992" ind1=" " ind2=" ">
						<marc:subfield code="s">NZ</marc:subfield>
						<marc:subfield code="a">20210109</marc:subfield>
						<marc:subfield code="b">batch</marc:subfield>
					</marc:datafield>
					<marc:datafield tag="992" ind1=" " ind2=" ">
						<marc:subfield code="s">A</marc:subfield>
						<marc:subfield code="a">20210201</marc:subfield>
						<marc:subfield code="b">batch</marc:subfield>
					</marc:datafield>
					<marc:datafield tag="998" ind1=" " ind2=" ">
						<marc:subfield code="a">DNT01-000110658</marc:subfield>
					</marc:datafield>
				</marc:record>
			</metadata>
		</record>