
		<record>
			<header>
				<identifier>oai:aleph-nkp.cz:DNT01-000110660</identifier>
				<datestamp>2021-08-01T12:09:39Z</datestamp>
				<setSpec>DNT-ALL</setSpec>
			</header>
			<metadata>
				<marc:record xmlns:marc="http://www.loc.gov/MARC21/slim"
					xmlns:xsi="http://www.w3.org/2001/XMLSchema-instance"
					xsi:schemaLocation="http://www.loc.gov/MARC21/slim
http://www.loc.gov/standards/marcxml/schema/MARC21slim.xsd">
					<marc:leader>     cam a22      a 4500</marc:leader>
					<marc:controlfield tag="001">000110660</marc:controlfield>
					<marc:controlfield tag="003">CZ PrDNT</marc:controlfield>
					<marc:controlfield tag="005">20120413123541.0</marc:controlfield>
					<marc:controlfield tag="007">tu</marc:controlfield>
					<marc:controlfield tag="008">031126s2003    xr     e      000 0 cze  </marc:controlfield>
					<marc:datafield tag="015" ind1=" " ind2=" ">
						<marc:subfield code="a">cnb001285788</marc:subfield>
					</marc:datafield>
					<marc:datafield tag="020" ind1=" " ind2=" ">
						<marc:subfield code="a">80-7225-093-0</marc:subfield>
						<marc:subfield code="q">(Montanex ;</marc:subfield>
						<marc:subfield code="q">váz.)</marc:subfield>
					</marc:datafield>
					<marc:datafield tag="035" ind1=" " ind2=" ">
						<marc:subfield code="a">(CZ-PrSKC)016700002536364</marc:subfield>
					</marc:datafield>
					<marc:datafield tag="040" ind1=" " ind2=" ">
						<marc:subfield code="a">ABA001</marc:subfield>
						<marc:subfield code="b">cze</marc:subfield>
						<marc:subfield code="d">KVG001</marc:subfield>
					</marc:datafield>
					<marc:datafield tag="043" ind1=" " ind2=" ">
						<marc:subfield code="a">e-xr---</marc:subfield>
					</marc:datafield>
					<marc:datafield tag="072" ind1=" " ind2="7">
						<marc:subfield code="a">622</marc:subfield>
						<marc:subfield code="x">Hornictví</marc:subfield>
						<marc:subfield code="2">Konspekt</marc:subfield>
						<marc:subfield code="9">19</marc:subfield>
					</marc:datafield>
					<marc:datafield tag="080" ind1=" " ind2=" ">
						<marc:subfield code="a">622(091)</marc:subfield>
						<marc:subfield code="2">MRF</marc:subfield>
					</marc:datafield>
					<marc:datafield tag="080" ind1=" " ind2=" ">
						<marc:subfield code="a">351.823.3</marc:subfield>
						<marc:subfield code="2">MRF</marc:subfield>
					</marc:datafield>
					<marc:datafield tag="080" ind1=" " ind2=" ">
						<marc:subfield code="a">34(091)</marc:subfield>
						<marc:subfield code="2">MRF</marc:subfield>
					</marc:datafield>
					<marc:datafield tag="080" ind1=" " ind2=" ">
						<marc:subfield code="a">(437.3)</marc:subfield>
						<marc:subfield code="2">MRF</marc:subfield>
					</marc:datafield>
					<marc:datafield tag="080" ind1=" " ind2=" ">
						<marc:subfield code="a">(048.8)</marc:subfield>
						<marc:subfield code="2">MRF</marc:subfield>
					</marc:datafield>
					<marc:datafield tag="100" ind1="1" ind2=" ">
						<marc:subfield code="a">&lt;&lt;ze &gt;&gt;Šternberka, Kašpar Maria,</marc:subfield>
						<marc:subfield code="c">hrabě,</marc:subfield>
						<marc:subfield code="d">1761-1838</marc:subfield>
						<marc:subfield code="7">jk01131381</marc:subfield>
						<marc:subfield code="4">aut</marc:subfield>
					</marc:datafield>
					<marc:datafield tag="245" ind1="1" ind2="0">
						<marc:subfield code="a">Nástin dějin českého hornictví /</marc:subfield>
						<marc:subfield code="c">Kašpar Sternberg</marc:subfield>
					</marc:datafield>
					<marc:datafield tag="250" ind1=" " ind2=" ">
						<marc:subfield code="a">1. české vyd.</marc:subfield>
					</marc:datafield>
					<marc:datafield tag="260" ind1=" " ind2=" ">
						<marc:subfield code="a">Ostrava :</marc:subfield>
						<marc:subfield code="b">Montanex,</marc:subfield>
						<marc:subfield code="c">2003</marc:subfield>
					</marc:datafield>
					<marc:datafield tag="300" ind1=" " ind2=" ">
						<marc:subfield code="a">570 s. ;</marc:subfield>
						<marc:subfield code="c">25 cm</marc:subfield>
					</marc:datafield>
					<marc:datafield tag="500" ind1=" " ind2=" ">
						<marc:subfield code="a">Vydal Montanex ve spolupráci s Českým báňským úřadem Praha a Vysokou školou báňskou - Technickou univerzitou Ostrava</marc:subfield>
					</marc:datafield>
					<marc:datafield tag="504" ind1=" " ind2=" ">
						<marc:subfield code="a">Obsahuje bibliografické odkazy</marc:subfield>
					</marc:datafield>
					<marc:datafield tag="505" ind1="0" ind2=" ">
						<marc:subfield code="a">sv. 1. Nástin dějin českých dolů, díl I. a II. -- sv. 2. Nástin dějin hornictví a báňského zákonodárství v Království českém</marc:subfield>
					</marc:datafield>
					<marc:datafield tag="650" ind1="0" ind2="7">
						<marc:subfield code="a">dějiny hornictví</marc:subfield>
						<marc:subfield code="7">ph488941</marc:subfield>
						<marc:subfield code="z">Česko</marc:subfield>
						<marc:subfield code="2">czenas</marc:subfield>
					</marc:datafield>
					<marc:datafield tag="650" ind1="0" ind2="7">
						<marc:subfield code="a">horní právo</marc:subfield>
						<marc:subfield code="7">ph120799</marc:subfield>
						<marc:subfield code="z">Česko</marc:subfield>
						<marc:subfield code="2">czenas</marc:subfield>
					</marc:datafield>
					<marc:datafield tag="650" ind1="0" ind2="7">
						<marc:subfield code="a">právní dějiny</marc:subfield>
						<marc:subfield code="7">ph164957</marc:subfield>
						<marc:subfield code="z">Česko</marc:subfield>
						<marc:subfield code="2">czenas</marc:subfield>
					</marc:datafield>
					<marc:datafield tag="653" ind1="0" ind2=" ">
						<marc:subfield code="a">hornictví</marc:subfield>
						<marc:subfield code="a">báňské</marc:subfield>
						<marc:subfield code="a">zákonodárství</marc:subfield>
						<marc:subfield code="a">Čechy</marc:subfield>
						<marc:subfield code="a">Morava</marc:subfield>
						<marc:subfield code="a">dějiny</marc:subfield>
						<marc:subfield code="a">panovníci</marc:subfield>
						<marc:subfield code="a">horníci</marc:subfield>
						<marc:subfield code="a">doly</marc:subfield>
						<marc:subfield code="a">horní</marc:subfield>
						<marc:subfield code="a">právo</marc:subfield>
						<marc:subfield code="a">zákony</marc:subfield>
						<marc:subfield code="a">školy</marc:subfield>
						<marc:subfield code="a">Šlikové</marc:subfield>
						<marc:subfield code="a">Jáchymov</marc:subfield>
						<marc:subfield code="a">Karlovy Vary</marc:subfield>
					</marc:datafield>
					<marc:datafield tag="655" ind1=" " ind2="7">
						<marc:subfield code="a">studie</marc:subfield>
						<marc:subfield code="7">fd133597</marc:subfield>
						<marc:subfield code="2">czenas</marc:subfield>
					</marc:datafield>
					<marc:datafield tag="856" ind1="4" ind2="1">
						<marc:subfield code="u">http://krameriusndk.nkp.cz/search/handle/uuid:6c6fa830-755e-11e4-b2f6-005056827e51</marc:subfield>
						<marc:subfield code="y">Digitalizovaný dokument</marc:subfield>
					</marc:datafield>
					<marc:datafield tag="956" ind1="4" ind2=" ">
						<marc:subfield code="u">http://krameriusndk.nkp.cz/search/handle/uuid:6c6fa830-755e-11e4-b2f6-005056827e51</marc:subfield>
						<marc:subfield code="9">A</marc:subfield>
						<marc:subfield code="9">NZ</marc:subfield>
					</marc:datafield>
					<marc:datafield tag="990" ind1=" " ind2=" ">
						<marc:subfield code="a">A</marc:subfield>
					</marc:datafield>
					<marc:datafield tag="990" ind1=" " ind2=" ">
						<marc:subfield code="a">NZ</marc:subfield>
					</marc:datafield>
					<marc:datafield tag="992" ind1=" " ind2=" ">
						<marc:subfield code="s">PA</marc:subfield>
						<marc:subfield code="a">20200731</marc:subfield>
						<marc:subfield code="b">batch</marc:subfield>
					</marc:datafield>
					<marc:datafield tag="992" ind1=" " ind2=" ">
						<marc:subfield code="s">NZ</marc:subfield>
						<marc:subfield code="a">20210109</marc:subfield>
						<marc:subfield code="b">batch</marc:subfield>
					</marc:datafield>
					<marc:datafield tag="992" ind1=" " ind2=" ">
						<marc:subfield code="s">A</marc:subfield>
						<marc:subfield code="a">20210201</marc:subfield>
						<marc:subfield code="b">batch</marc:subfield>
					</marc:datafield>
					<marc:datafield tag="998" ind1=" " ind2=" ">
						<marc:subfield code="a">DNT01-000110660</marc:subfield>
					</marc:datafield>
				</marc:record>
			</metadata>
		</record>