
		<record>
			<header>
				<identifier>oai:aleph-nkp.cz:DNT01-000110661</identifier>
				<datestamp>2021-08-01T12:09:39Z</datestamp>
				<setSpec>DNT-ALL</setSpec>
			</header>
			<metadata>
				<marc:record xmlns:marc="http://www.loc.gov/MARC21/slim"
					xmlns:xsi="http://www.w3.org/2001/XMLSchema-instance"
					xsi:schemaLocation="http://www.loc.gov/MARC21/slim
http://www.loc.gov/standards/marcxml/schema/MARC21slim.xsd">
					<marc:leader>     nam a22      a 4500</marc:leader>
					<marc:controlfield tag="001">000110661</marc:controlfield>
					<marc:controlfield tag="003">CZ PrDNT</marc:controlfield>
					<marc:controlfield tag="005">20091126080947.0</marc:controlfield>
					<marc:controlfield tag="007">tu</marc:controlfield>
					<marc:controlfield tag="008">031113s2003    xr     e p    000 0 eng  </marc:controlfield>
					<marc:datafield tag="015" ind1=" " ind2=" ">
						<marc:subfield code="a">cnb001285793</marc:subfield>
					</marc:datafield>
					<marc:datafield tag="020" ind1=" " ind2=" ">
						<marc:subfield code="a">80-86477-15-0</marc:subfield>
						<marc:subfield code="q">(brož.)</marc:subfield>
					</marc:datafield>
					<marc:datafield tag="035" ind1=" " ind2=" ">
						<marc:subfield code="a">(CZ-PrSKC)cpk20031285793</marc:subfield>
					</marc:datafield>
					<marc:datafield tag="040" ind1=" " ind2=" ">
						<marc:subfield code="a">ABA001</marc:subfield>
						<marc:subfield code="b">cze</marc:subfield>
					</marc:datafield>
					<marc:datafield tag="072" ind1=" " ind2="7">
						<marc:subfield code="a">811.111</marc:subfield>
						<marc:subfield code="x">Angličtina</marc:subfield>
						<marc:subfield code="2">Konspekt</marc:subfield>
						<marc:subfield code="9">11</marc:subfield>
					</marc:datafield>
					<marc:datafield tag="072" ind1=" " ind2="7">
						<marc:subfield code="a">37.016</marc:subfield>
						<marc:subfield code="x">Učební osnovy. Vyučovací předměty. Učebnice</marc:subfield>
						<marc:subfield code="2">Konspekt</marc:subfield>
						<marc:subfield code="9">22</marc:subfield>
					</marc:datafield>
					<marc:datafield tag="080" ind1=" " ind2=" ">
						<marc:subfield code="a">81&apos;373.46</marc:subfield>
						<marc:subfield code="2">MRF</marc:subfield>
					</marc:datafield>
					<marc:datafield tag="080" ind1=" " ind2=" ">
						<marc:subfield code="a">351.74</marc:subfield>
						<marc:subfield code="2">MRF</marc:subfield>
					</marc:datafield>
					<marc:datafield tag="080" ind1=" " ind2=" ">
						<marc:subfield code="a">34</marc:subfield>
						<marc:subfield code="2">MRF</marc:subfield>
					</marc:datafield>
					<marc:datafield tag="080" ind1=" " ind2=" ">
						<marc:subfield code="a">811.111</marc:subfield>
						<marc:subfield code="2">MRF</marc:subfield>
					</marc:datafield>
					<marc:datafield tag="080" ind1=" " ind2=" ">
						<marc:subfield code="a">(075.8)</marc:subfield>
						<marc:subfield code="2">MRF</marc:subfield>
					</marc:datafield>
					<marc:datafield tag="100" ind1="1" ind2=" ">
						<marc:subfield code="a">Patočková, Nataša,</marc:subfield>
						<marc:subfield code="d">1953-</marc:subfield>
						<marc:subfield code="7">mzk2003184323</marc:subfield>
						<marc:subfield code="4">aut</marc:subfield>
					</marc:datafield>
					<marc:datafield tag="245" ind1="1" ind2="0">
						<marc:subfield code="a">Úvod do studia anglické bezpečnostně právní terminologie /</marc:subfield>
						<marc:subfield code="c">Nataša Patočková, Magdalena Rosinová</marc:subfield>
					</marc:datafield>
					<marc:datafield tag="260" ind1=" " ind2=" ">
						<marc:subfield code="a">Praha :</marc:subfield>
						<marc:subfield code="b">Police history,</marc:subfield>
						<marc:subfield code="c">2003</marc:subfield>
					</marc:datafield>
					<marc:datafield tag="300" ind1=" " ind2=" ">
						<marc:subfield code="a">231 s. ;</marc:subfield>
						<marc:subfield code="c">30 cm</marc:subfield>
					</marc:datafield>
					<marc:datafield tag="500" ind1=" " ind2=" ">
						<marc:subfield code="a">Na tit. s.: Katedra jazyků PA ČR</marc:subfield>
					</marc:datafield>
					<marc:datafield tag="504" ind1=" " ind2=" ">
						<marc:subfield code="a">Obsahuje bibliografii</marc:subfield>
					</marc:datafield>
					<marc:datafield tag="650" ind1="0" ind2="7">
						<marc:subfield code="a">právo</marc:subfield>
						<marc:subfield code="7">ph115914</marc:subfield>
						<marc:subfield code="2">czenas</marc:subfield>
					</marc:datafield>
					<marc:datafield tag="650" ind1="0" ind2="7">
						<marc:subfield code="a">angličtina</marc:subfield>
						<marc:subfield code="7">ph114056</marc:subfield>
						<marc:subfield code="2">czenas</marc:subfield>
					</marc:datafield>
					<marc:datafield tag="650" ind1="0" ind2="7">
						<marc:subfield code="a">oborová terminologie</marc:subfield>
						<marc:subfield code="7">ph138998</marc:subfield>
						<marc:subfield code="2">czenas</marc:subfield>
					</marc:datafield>
					<marc:datafield tag="650" ind1="0" ind2="7">
						<marc:subfield code="a">veřejná bezpečnost</marc:subfield>
						<marc:subfield code="7">ph127071</marc:subfield>
						<marc:subfield code="2">czenas</marc:subfield>
					</marc:datafield>
					<marc:datafield tag="655" ind1=" " ind2="7">
						<marc:subfield code="a">učebnice vysokých škol</marc:subfield>
						<marc:subfield code="7">fd133772</marc:subfield>
						<marc:subfield code="2">czenas</marc:subfield>
					</marc:datafield>
					<marc:datafield tag="700" ind1="1" ind2=" ">
						<marc:subfield code="a">Rosinová, Magdalena,</marc:subfield>
						<marc:subfield code="d">1958-</marc:subfield>
						<marc:subfield code="7">mzk2003202467</marc:subfield>
						<marc:subfield code="4">aut</marc:subfield>
					</marc:datafield>
					<marc:datafield tag="710" ind1="2" ind2=" ">
						<marc:subfield code="a">Policejní akademie České republiky.</marc:subfield>
						<marc:subfield code="b">Katedra jazyků</marc:subfield>
						<marc:subfield code="7">ko2002159771</marc:subfield>
					</marc:datafield>
					<marc:datafield tag="856" ind1="4" ind2="1">
						<marc:subfield code="u">http://krameriusndk.nkp.cz/search/handle/uuid:73682380-4c31-11e3-9c86-005056827e51</marc:subfield>
						<marc:subfield code="y">Digitalizovaný dokument</marc:subfield>
					</marc:datafield>
					<marc:datafield tag="956" ind1="4" ind2=" ">
						<marc:subfield code="u">http://krameriusndk.nkp.cz/search/handle/uuid:73682380-4c31-11e3-9c86-005056827e51</marc:subfield>
						<marc:subfield code="9">A</marc:subfield>
						<marc:subfield code="9">NZ</marc:subfield>
					</marc:datafield>
					<marc:datafield tag="990" ind1=" " ind2=" ">
						<marc:subfield code="a">A</marc:subfield>
					</marc:datafield>
					<marc:datafield tag="990" ind1=" " ind2=" ">
						<marc:subfield code="a">NZ</marc:subfield>
					</marc:datafield>
					<marc:datafield tag="992" ind1=" " ind2=" ">
						<marc:subfield code="s">PA</marc:subfield>
						<marc:subfield code="a">20200731</marc:subfield>
						<marc:subfield code="b">batch</marc:subfield>
					</marc:datafield>
					<marc:datafield tag="992" ind1=" " ind2=" ">
						<marc:subfield code="s">NZ</marc:subfield>
						<marc:subfield code="a">20210109</marc:subfield>
						<marc:subfield code="b">batch</marc:subfield>
					</marc:datafield>
					<marc:datafield tag="992" ind1=" " ind2=" ">
						<marc:subfield code="s">A</marc:subfield>
						<marc:subfield code="a">20210201</marc:subfield>
						<marc:subfield code="b">batch</marc:subfield>
					</marc:datafield>
					<marc:datafield tag="998" ind1=" " ind2=" ">
						<marc:subfield code="a">DNT01-000110661</marc:subfield>
					</marc:datafield>
				</marc:record>
			</metadata>
		</record>