
		<record>
			<header>
				<identifier>oai:aleph-nkp.cz:DNT01-000110663</identifier>
				<datestamp>2021-08-01T12:09:39Z</datestamp>
				<setSpec>DNT-ALL</setSpec>
			</header>
			<metadata>
				<marc:record xmlns:marc="http://www.loc.gov/MARC21/slim"
					xmlns:xsi="http://www.w3.org/2001/XMLSchema-instance"
					xsi:schemaLocation="http://www.loc.gov/MARC21/slim
http://www.loc.gov/standards/marcxml/schema/MARC21slim.xsd">
					<marc:leader>     nam a22      a 4500</marc:leader>
					<marc:controlfield tag="001">000110663</marc:controlfield>
					<marc:controlfield tag="003">CZ PrDNT</marc:controlfield>
					<marc:controlfield tag="005">20160719172020.0</marc:controlfield>
					<marc:controlfield tag="007">tu</marc:controlfield>
					<marc:controlfield tag="008">031112s2003    xr a   e      000 0 cze  </marc:controlfield>
					<marc:datafield tag="015" ind1=" " ind2=" ">
						<marc:subfield code="a">cnb001285795</marc:subfield>
					</marc:datafield>
					<marc:datafield tag="020" ind1=" " ind2=" ">
						<marc:subfield code="a">80-900876-5-5</marc:subfield>
						<marc:subfield code="q">(brož.)</marc:subfield>
					</marc:datafield>
					<marc:datafield tag="035" ind1=" " ind2=" ">
						<marc:subfield code="a">(CZ-PrSKC)cpk20031285795</marc:subfield>
					</marc:datafield>
					<marc:datafield tag="040" ind1=" " ind2=" ">
						<marc:subfield code="a">ABA001</marc:subfield>
						<marc:subfield code="b">cze</marc:subfield>
					</marc:datafield>
					<marc:datafield tag="041" ind1="0" ind2=" ">
						<marc:subfield code="a">cze</marc:subfield>
						<marc:subfield code="a">ger</marc:subfield>
					</marc:datafield>
					<marc:datafield tag="072" ind1=" " ind2="7">
						<marc:subfield code="a">780.6</marc:subfield>
						<marc:subfield code="x">Hudební nástroje a příslušenství</marc:subfield>
						<marc:subfield code="2">Konspekt</marc:subfield>
						<marc:subfield code="9">9</marc:subfield>
					</marc:datafield>
					<marc:datafield tag="080" ind1=" " ind2=" ">
						<marc:subfield code="a">091.07</marc:subfield>
						<marc:subfield code="2">MRF</marc:subfield>
					</marc:datafield>
					<marc:datafield tag="080" ind1=" " ind2=" ">
						<marc:subfield code="a">780.649</marc:subfield>
						<marc:subfield code="2">MRF</marc:subfield>
					</marc:datafield>
					<marc:datafield tag="080" ind1=" " ind2=" ">
						<marc:subfield code="a">(035)</marc:subfield>
						<marc:subfield code="2">MRF</marc:subfield>
					</marc:datafield>
					<marc:datafield tag="100" ind1="1" ind2=" ">
						<marc:subfield code="a">Skuherský, František Zdeněk,</marc:subfield>
						<marc:subfield code="d">1830-1892</marc:subfield>
						<marc:subfield code="7">jk01111653</marc:subfield>
						<marc:subfield code="4">aut</marc:subfield>
					</marc:datafield>
					<marc:datafield tag="245" ind1="1" ind2="0">
						<marc:subfield code="a">Varhany, jejich zařízení a zachování :</marc:subfield>
						<marc:subfield code="b">příručná knížka pro kněze, patronátní úřady, varhaníky a ředitele kůru, zvláště pak pro chovance ústavů pro zvelebení hudby církevní a pro čekatele na ústavech učitelských /</marc:subfield>
						<marc:subfield code="c">sepsal F.Z. Skuherský</marc:subfield>
					</marc:datafield>
					<marc:datafield tag="250" ind1=" " ind2=" ">
						<marc:subfield code="a">1. vyd.</marc:subfield>
					</marc:datafield>
					<marc:datafield tag="260" ind1=" " ind2=" ">
						<marc:subfield code="a">Opava :</marc:subfield>
						<marc:subfield code="b">ArTThon,</marc:subfield>
						<marc:subfield code="c">2003</marc:subfield>
					</marc:datafield>
					<marc:datafield tag="300" ind1=" " ind2=" ">
						<marc:subfield code="a">106 s. :</marc:subfield>
						<marc:subfield code="b">il. ;</marc:subfield>
						<marc:subfield code="c">21 cm</marc:subfield>
					</marc:datafield>
					<marc:datafield tag="500" ind1=" " ind2=" ">
						<marc:subfield code="a">Česko-německé názvosloví</marc:subfield>
					</marc:datafield>
					<marc:datafield tag="500" ind1=" " ind2=" ">
						<marc:subfield code="a">Terminologický slovník</marc:subfield>
					</marc:datafield>
					<marc:datafield tag="500" ind1=" " ind2=" ">
						<marc:subfield code="a">Faksim. vydání z r. 1884</marc:subfield>
					</marc:datafield>
					<marc:datafield tag="650" ind1="0" ind2="7">
						<marc:subfield code="a">varhany</marc:subfield>
						<marc:subfield code="7">ph126989</marc:subfield>
						<marc:subfield code="2">czenas</marc:subfield>
					</marc:datafield>
					<marc:datafield tag="655" ind1=" " ind2="7">
						<marc:subfield code="a">faksimile</marc:subfield>
						<marc:subfield code="7">fd132227</marc:subfield>
						<marc:subfield code="2">czenas</marc:subfield>
					</marc:datafield>
					<marc:datafield tag="655" ind1=" " ind2="7">
						<marc:subfield code="a">příručky</marc:subfield>
						<marc:subfield code="7">fd133209</marc:subfield>
						<marc:subfield code="2">czenas</marc:subfield>
					</marc:datafield>
					<marc:datafield tag="856" ind1="4" ind2="1">
						<marc:subfield code="u">http://krameriusndk.nkp.cz/search/handle/uuid:626c9120-76c3-11e4-b2f6-005056827e51</marc:subfield>
						<marc:subfield code="y">Digitalizovaný dokument</marc:subfield>
					</marc:datafield>
					<marc:datafield tag="956" ind1="4" ind2=" ">
						<marc:subfield code="u">http://krameriusndk.nkp.cz/search/handle/uuid:626c9120-76c3-11e4-b2f6-005056827e51</marc:subfield>
						<marc:subfield code="9">A</marc:subfield>
						<marc:subfield code="9">NZ</marc:subfield>
					</marc:datafield>
					<marc:datafield tag="964" ind1=" " ind2=" ">
						<marc:subfield code="a">hudební nástroje</marc:subfield>
					</marc:datafield>
					<marc:datafield tag="990" ind1=" " ind2=" ">
						<marc:subfield code="a">A</marc:subfield>
					</marc:datafield>
					<marc:datafield tag="990" ind1=" " ind2=" ">
						<marc:subfield code="a">NZ</marc:subfield>
					</marc:datafield>
					<marc:datafield tag="992" ind1=" " ind2=" ">
						<marc:subfield code="s">PA</marc:subfield>
						<marc:subfield code="a">20200731</marc:subfield>
						<marc:subfield code="b">batch</marc:subfield>
					</marc:datafield>
					<marc:datafield tag="992" ind1=" " ind2=" ">
						<marc:subfield code="s">NZ</marc:subfield>
						<marc:subfield code="a">20210109</marc:subfield>
						<marc:subfield code="b">batch</marc:subfield>
					</marc:datafield>
					<marc:datafield tag="992" ind1=" " ind2=" ">
						<marc:subfield code="s">A</marc:subfield>
						<marc:subfield code="a">20210201</marc:subfield>
						<marc:subfield code="b">batch</marc:subfield>
					</marc:datafield>
					<marc:datafield tag="998" ind1=" " ind2=" ">
						<marc:subfield code="a">DNT01-000110663</marc:subfield>
					</marc:datafield>
				</marc:record>
			</metadata>
		</record>
		<record>
			<header>
				<identifier>oai:aleph-nkp.cz:DNT01-000161565</identifier>
				<datestamp>2021-08-01T12:09:39Z</datestamp>
				<setSpec>DNT-ALL</setSpec>
			</header>
			<metadata>
				<marc:record xmlns:marc="http://www.loc.gov/MARC21/slim"
					xmlns:xsi="http://www.w3.org/2001/XMLSchema-instance"
					xsi:schemaLocation="http://www.loc.gov/MARC21/slim
http://www.loc.gov/standards/marcxml/schema/MARC21slim.xsd">
					<marc:leader>     nz  a22     n  4500</marc:leader>
					<marc:controlfield tag="001">os0161565</marc:controlfield>
					<marc:controlfield tag="003">CZ PrDNT</marc:controlfield>
					<marc:datafield tag="040" ind1=" " ind2=" ">
						<marc:subfield code="a">ABA001</marc:subfield>
						<marc:subfield code="b">cze</marc:subfield>
					</marc:datafield>
				</marc:record>
			</metadata>
		</record>
		<record>
			<header>
				<identifier>oai:aleph-nkp.cz:DNT01-000161566</identifier>
				<datestamp>2021-08-01T12:09:39Z</datestamp>
				<setSpec>DNT-ALL</setSpec>
			</header>
			<metadata>
				<marc:record xmlns:marc="http://www.loc.gov/MARC21/slim"
					xmlns:xsi="http://www.w3.org/2001/XMLSchema-instance"
					xsi:schemaLocation="http://www.loc.gov/MARC21/slim
http://www.loc.gov/standards/marcxml/schema/MARC21slim.xsd">
					<marc:leader>     nz  a22     n  4500</marc:leader>
					<marc:controlfield tag="001">os0161566</marc:controlfield>
					<marc:controlfield tag="003">CZ PrDNT</marc:controlfield>
					<marc:datafield tag="040" ind1=" " ind2=" ">
						<marc:subfield code="a">ABA001</marc:subfield>
						<marc:subfield code="b">cze</marc:subfield>
					</marc:datafield>
				</marc:record>
			</metadata>
		</record>