
		<record>
			<header>
				<identifier>oai:aleph-nkp.cz:DNT01-000161563</identifier>
				<datestamp>2021-08-01T12:09:39Z</datestamp>
				<setSpec>DNT-ALL</setSpec>
			</header>
			<metadata>
				<marc:record xmlns:marc="http://www.loc.gov/MARC21/slim"
					xmlns:xsi="http://www.w3.org/2001/XMLSchema-instance"
					xsi:schemaLocation="http://www.loc.gov/MARC21/slim
http://www.loc.gov/standards/marcxml/schema/MARC21slim.xsd">
					<marc:leader>     cam a22     7i 4500</marc:leader>
					<marc:controlfield tag="001">000161563</marc:controlfield>
					<marc:controlfield tag="003">CZ PrDNT</marc:controlfield>
					<marc:controlfield tag="005">20200611141349.0</marc:controlfield>
					<marc:controlfield tag="007">ta</marc:controlfield>
					<marc:controlfield tag="008">030902s2002    xr      r     ||| | eng d</marc:controlfield>
					<marc:datafield tag="015" ind1=" " ind2=" ">
						<marc:subfield code="a">cnb001280409</marc:subfield>
					</marc:datafield>
					<marc:datafield tag="020" ind1=" " ind2=" ">
						<marc:subfield code="a">80-7330-033-8</marc:subfield>
					</marc:datafield>
					<marc:datafield tag="035" ind1=" " ind2=" ">
						<marc:subfield code="a">(CZ-PrSKC)000216643</marc:subfield>
					</marc:datafield>
					<marc:datafield tag="040" ind1=" " ind2=" ">
						<marc:subfield code="a">ABD107</marc:subfield>
						<marc:subfield code="b">cze</marc:subfield>
						<marc:subfield code="c">ABD107</marc:subfield>
						<marc:subfield code="d">ABD107</marc:subfield>
						<marc:subfield code="d">ABD001</marc:subfield>
						<marc:subfield code="e">rda</marc:subfield>
					</marc:datafield>
					<marc:datafield tag="072" ind1=" " ind2="7">
						<marc:subfield code="a">316.3</marc:subfield>
						<marc:subfield code="x">Globální společnosti. Sociální struktura. Sociální skupiny</marc:subfield>
						<marc:subfield code="2">Konspekt</marc:subfield>
						<marc:subfield code="9">18</marc:subfield>
					</marc:datafield>
					<marc:datafield tag="245" ind1="0" ind2="4">
						<marc:subfield code="a">The world of hierarchies and real socialism :</marc:subfield>
						<marc:subfield code="b">the legacy of communist rule.</marc:subfield>
						<marc:subfield code="n">2,</marc:subfield>
						<marc:subfield code="p">A volume of contributions investigating social hierarchies /</marc:subfield>
						<marc:subfield code="c">Martin Hájek, Tomáš Holeček, Jiří Kabele, Josef Kandert, Petr Kohútek, Zdenka Vajdová</marc:subfield>
					</marc:datafield>
					<marc:datafield tag="246" ind1="1" ind2="0">
						<marc:subfield code="a">Legacy of communist rule</marc:subfield>
					</marc:datafield>
					<marc:datafield tag="246" ind1="1" ind2="0">
						<marc:subfield code="a">Volume of contributions investigating social hierarchies</marc:subfield>
					</marc:datafield>
					<marc:datafield tag="250" ind1=" " ind2=" ">
						<marc:subfield code="a">1. vydání</marc:subfield>
					</marc:datafield>
					<marc:datafield tag="264" ind1=" " ind2="1">
						<marc:subfield code="a">Praha :</marc:subfield>
						<marc:subfield code="b">Sociologický ústav AV ČR,</marc:subfield>
						<marc:subfield code="c">2002</marc:subfield>
					</marc:datafield>
					<marc:datafield tag="300" ind1=" " ind2=" ">
						<marc:subfield code="a">108 stran</marc:subfield>
					</marc:datafield>
					<marc:datafield tag="336" ind1=" " ind2=" ">
						<marc:subfield code="a">text</marc:subfield>
						<marc:subfield code="b">txt</marc:subfield>
						<marc:subfield code="2">rdacontent</marc:subfield>
					</marc:datafield>
					<marc:datafield tag="337" ind1=" " ind2=" ">
						<marc:subfield code="a">bez média</marc:subfield>
						<marc:subfield code="b">n</marc:subfield>
						<marc:subfield code="2">rdamedia</marc:subfield>
					</marc:datafield>
					<marc:datafield tag="338" ind1=" " ind2=" ">
						<marc:subfield code="a">svazek</marc:subfield>
						<marc:subfield code="b">nc</marc:subfield>
						<marc:subfield code="2">rdacarrier</marc:subfield>
					</marc:datafield>
					<marc:datafield tag="490" ind1="1" ind2=" ">
						<marc:subfield code="a">Sociologické texty ;</marc:subfield>
						<marc:subfield code="v">02:11</marc:subfield>
					</marc:datafield>
					<marc:datafield tag="650" ind1="0" ind2="7">
						<marc:subfield code="a">sociální stratifikace</marc:subfield>
						<marc:subfield code="7">ph136704</marc:subfield>
						<marc:subfield code="2">czenas</marc:subfield>
					</marc:datafield>
					<marc:datafield tag="650" ind1="0" ind2="7">
						<marc:subfield code="a">moc</marc:subfield>
						<marc:subfield code="7">ph122929</marc:subfield>
						<marc:subfield code="2">czenas</marc:subfield>
					</marc:datafield>
					<marc:datafield tag="650" ind1="0" ind2="7">
						<marc:subfield code="a">komunismus</marc:subfield>
						<marc:subfield code="7">ph114959</marc:subfield>
						<marc:subfield code="2">czenas</marc:subfield>
					</marc:datafield>
					<marc:datafield tag="650" ind1="0" ind2="7">
						<marc:subfield code="a">socialismus</marc:subfield>
						<marc:subfield code="7">ph125740</marc:subfield>
						<marc:subfield code="2">czenas</marc:subfield>
					</marc:datafield>
					<marc:datafield tag="650" ind1="0" ind2="7">
						<marc:subfield code="a">sociologie</marc:subfield>
						<marc:subfield code="7">ph116198</marc:subfield>
						<marc:subfield code="2">czenas</marc:subfield>
					</marc:datafield>
					<marc:datafield tag="655" ind1=" " ind2="7">
						<marc:subfield code="a">monografie</marc:subfield>
						<marc:subfield code="7">fd132842</marc:subfield>
						<marc:subfield code="2">czenas</marc:subfield>
					</marc:datafield>
					<marc:datafield tag="700" ind1="1" ind2=" ">
						<marc:subfield code="a">Hájek, Martin,</marc:subfield>
						<marc:subfield code="d">1970-</marc:subfield>
						<marc:subfield code="7">jo2002105198</marc:subfield>
						<marc:subfield code="4">aut</marc:subfield>
					</marc:datafield>
					<marc:datafield tag="700" ind1="1" ind2=" ">
						<marc:subfield code="a">Holeček, Tomáš,</marc:subfield>
						<marc:subfield code="d">1972-</marc:subfield>
						<marc:subfield code="7">js20080518013</marc:subfield>
						<marc:subfield code="4">aut</marc:subfield>
					</marc:datafield>
					<marc:datafield tag="700" ind1="1" ind2=" ">
						<marc:subfield code="a">Kabele, Jiří,</marc:subfield>
						<marc:subfield code="d">1946-</marc:subfield>
						<marc:subfield code="7">jk01052322</marc:subfield>
						<marc:subfield code="4">aut</marc:subfield>
					</marc:datafield>
					<marc:datafield tag="700" ind1="1" ind2=" ">
						<marc:subfield code="a">Kohútek, Petr,</marc:subfield>
						<marc:subfield code="d">1972-</marc:subfield>
						<marc:subfield code="7">jo2002105207</marc:subfield>
						<marc:subfield code="4">aut</marc:subfield>
					</marc:datafield>
					<marc:datafield tag="700" ind1="1" ind2=" ">
						<marc:subfield code="a">Vajdová, Zdenka,</marc:subfield>
						<marc:subfield code="d">1944-</marc:subfield>
						<marc:subfield code="7">mzk2002160836</marc:subfield>
						<marc:subfield code="4">aut</marc:subfield>
					</marc:datafield>
					<marc:datafield tag="700" ind1="1" ind2=" ">
						<marc:subfield code="a">Kandert, Josef,</marc:subfield>
						<marc:subfield code="d">1943-</marc:subfield>
						<marc:subfield code="7">jk01052845</marc:subfield>
						<marc:subfield code="4">aui</marc:subfield>
					</marc:datafield>
					<marc:datafield tag="830" ind1=" " ind2="0">
						<marc:subfield code="a">Sociologické texty (Sociologický ústav AV ČR)</marc:subfield>
					</marc:datafield>
					<marc:datafield tag="856" ind1="4" ind2="1">
						<marc:subfield code="u">https://kramerius.lib.cas.cz/uuid/uuid:d443584c-ea5b-4277-859a-6873f7dd96b1</marc:subfield>
						<marc:subfield code="y">Digitalizovaný dokument</marc:subfield>
					</marc:datafield>
					<marc:datafield tag="956" ind1="4" ind2=" ">
						<marc:subfield code="u">https://kramerius.lib.cas.cz/uuid/uuid:d443584c-ea5b-4277-859a-6873f7dd96b1</marc:subfield>
						<marc:subfield code="9">A</marc:subfield>
						<marc:subfield code="9">NZ</marc:subfield>
					</marc:datafield>
					<marc:datafield tag="990" ind1=" " ind2=" ">
						<marc:subfield code="a">A</marc:subfield>
					</marc:datafield>
					<marc:datafield tag="990" ind1=" " ind2=" ">
						<marc:subfield code="a">NZ</marc:subfield>
					</marc:datafield>
					<marc:datafield tag="992" ind1=" " ind2=" ">
						<marc:subfield code="s">PA</marc:subfield>
						<marc:subfield code="a">20200731</marc:subfield>
						<marc:subfield code="b">batch</marc:subfield>
					</marc:datafield>
					<marc:datafield tag="992" ind1=" " ind2=" ">
						<marc:subfield code="s">NZ</marc:subfield>
						<marc:subfield code="a">20210109</marc:subfield>
						<marc:subfield code="b">batch</marc:subfield>
					</marc:datafield>
					<marc:datafield tag="992" ind1=" " ind2=" ">
						<marc:subfield code="s">A</marc:subfield>
						<marc:subfield code="a">20210201</marc:subfield>
						<marc:subfield code="b">batch</marc:subfield>
					</marc:datafield>
					<marc:datafield tag="998" ind1=" " ind2=" ">
						<marc:subfield code="a">DNT01-000161563</marc:subfield>
					</marc:datafield>
				</marc:record>
			</metadata>
		</record>