
		<record>
			<header>
				<identifier>oai:aleph-nkp.cz:DNT01-000161564</identifier>
				<datestamp>2021-08-01T12:09:39Z</datestamp>
				<setSpec>DNT-ALL</setSpec>
			</header>
			<metadata>
				<marc:record xmlns:marc="http://www.loc.gov/MARC21/slim"
					xmlns:xsi="http://www.w3.org/2001/XMLSchema-instance"
					xsi:schemaLocation="http://www.loc.gov/MARC21/slim
http://www.loc.gov/standards/marcxml/schema/MARC21slim.xsd">
					<marc:leader>     cam a22     7i 4500</marc:leader>
					<marc:controlfield tag="001">000161564</marc:controlfield>
					<marc:controlfield tag="003">CZ PrDNT</marc:controlfield>
					<marc:controlfield tag="005">20200717102336.0</marc:controlfield>
					<marc:controlfield tag="007">ta</marc:controlfield>
					<marc:controlfield tag="008">970526s1993    xr            ||| | cze d</marc:controlfield>
					<marc:datafield tag="015" ind1=" " ind2=" ">
						<marc:subfield code="a">cnb000106019</marc:subfield>
					</marc:datafield>
					<marc:datafield tag="020" ind1=" " ind2=" ">
						<marc:subfield code="a">80-85010-61-5</marc:subfield>
						<marc:subfield code="q">(brožováno)</marc:subfield>
					</marc:datafield>
					<marc:datafield tag="035" ind1=" " ind2=" ">
						<marc:subfield code="a">(CZ-PrSKC)000265799</marc:subfield>
					</marc:datafield>
					<marc:datafield tag="040" ind1=" " ind2=" ">
						<marc:subfield code="a">CBA001</marc:subfield>
						<marc:subfield code="b">cze</marc:subfield>
						<marc:subfield code="d">CBD007</marc:subfield>
						<marc:subfield code="e">rda</marc:subfield>
					</marc:datafield>
					<marc:datafield tag="072" ind1=" " ind2="7">
						<marc:subfield code="a">784</marc:subfield>
						<marc:subfield code="x">Vokální hudba</marc:subfield>
						<marc:subfield code="2">Konspekt</marc:subfield>
						<marc:subfield code="9">9</marc:subfield>
					</marc:datafield>
					<marc:datafield tag="072" ind1=" " ind2="7">
						<marc:subfield code="a">39</marc:subfield>
						<marc:subfield code="x">Kulturní antropologie. Etnologie. Etnografie</marc:subfield>
						<marc:subfield code="2">Konspekt</marc:subfield>
						<marc:subfield code="9">1</marc:subfield>
					</marc:datafield>
					<marc:datafield tag="080" ind1=" " ind2=" ">
						<marc:subfield code="a">784.4(437.324):784.9</marc:subfield>
						<marc:subfield code="2">MRF</marc:subfield>
					</marc:datafield>
					<marc:datafield tag="080" ind1=" " ind2=" ">
						<marc:subfield code="a">784.4</marc:subfield>
						<marc:subfield code="2">MRF</marc:subfield>
					</marc:datafield>
					<marc:datafield tag="080" ind1=" " ind2=" ">
						<marc:subfield code="a">(437.324)</marc:subfield>
						<marc:subfield code="2">MRF</marc:subfield>
					</marc:datafield>
					<marc:datafield tag="080" ind1=" " ind2=" ">
						<marc:subfield code="a">(0:82-192)</marc:subfield>
						<marc:subfield code="2">MRF</marc:subfield>
					</marc:datafield>
					<marc:datafield tag="100" ind1="1" ind2=" ">
						<marc:subfield code="a">Tyllner, Lubomír,</marc:subfield>
						<marc:subfield code="d">1946-</marc:subfield>
						<marc:subfield code="7">mzk2005312924</marc:subfield>
						<marc:subfield code="4">aut</marc:subfield>
					</marc:datafield>
					<marc:datafield tag="245" ind1="1" ind2="0">
						<marc:subfield code="a">Lidové písně z Pelhřimovska.</marc:subfield>
						<marc:subfield code="n">III,</marc:subfield>
						<marc:subfield code="p">(Pacovsko) =</marc:subfield>
						<marc:subfield code="b">Volkslieder aus der Region Pelhřimov.</marc:subfield>
						<marc:subfield code="n">III,</marc:subfield>
						<marc:subfield code="p">(Das Gebiet um Pacov /</marc:subfield>
						<marc:subfield code="c">[Lubomír Tyllner]</marc:subfield>
					</marc:datafield>
					<marc:datafield tag="246" ind1="3" ind2="1">
						<marc:subfield code="a">Volkslieder aus der Region Pelhřimov</marc:subfield>
					</marc:datafield>
					<marc:datafield tag="246" ind1="3" ind2="1">
						<marc:subfield code="a">Gebiet um Pacov</marc:subfield>
					</marc:datafield>
					<marc:datafield tag="264" ind1=" " ind2="1">
						<marc:subfield code="a">Praha :</marc:subfield>
						<marc:subfield code="b">Etnologický ústav Akademie věd České republiky,</marc:subfield>
						<marc:subfield code="c">1993</marc:subfield>
					</marc:datafield>
					<marc:datafield tag="300" ind1=" " ind2=" ">
						<marc:subfield code="a">134 stran :</marc:subfield>
						<marc:subfield code="b">noty ;</marc:subfield>
						<marc:subfield code="c">21 cm</marc:subfield>
					</marc:datafield>
					<marc:datafield tag="336" ind1=" " ind2=" ">
						<marc:subfield code="a">text</marc:subfield>
						<marc:subfield code="b">txt</marc:subfield>
						<marc:subfield code="2">rdacontent</marc:subfield>
					</marc:datafield>
					<marc:datafield tag="336" ind1=" " ind2=" ">
						<marc:subfield code="a">zápis hudby</marc:subfield>
						<marc:subfield code="b">ntm</marc:subfield>
						<marc:subfield code="2">rdacontent</marc:subfield>
					</marc:datafield>
					<marc:datafield tag="337" ind1=" " ind2=" ">
						<marc:subfield code="a">bez média</marc:subfield>
						<marc:subfield code="b">n</marc:subfield>
						<marc:subfield code="2">rdamedia</marc:subfield>
					</marc:datafield>
					<marc:datafield tag="338" ind1=" " ind2=" ">
						<marc:subfield code="a">svazek</marc:subfield>
						<marc:subfield code="b">nc</marc:subfield>
						<marc:subfield code="2">rdacarrier</marc:subfield>
					</marc:datafield>
					<marc:datafield tag="490" ind1="1" ind2=" ">
						<marc:subfield code="a">Poklady lidové kultury ;</marc:subfield>
						<marc:subfield code="v">svazek 3</marc:subfield>
					</marc:datafield>
					<marc:datafield tag="505" ind1="8" ind2=" ">
						<marc:subfield code="a">Seznam zkratek poznávacích odkazů -- Rejstřík míst zápisů písní -- Rejstřík zpěváků -- Abecední seznam písní -- Vydavatelská poznámka</marc:subfield>
					</marc:datafield>
					<marc:datafield tag="650" ind1=" " ind2="7">
						<marc:subfield code="a">lidové písně</marc:subfield>
						<marc:subfield code="7">ph122317</marc:subfield>
						<marc:subfield code="2">czenas</marc:subfield>
					</marc:datafield>
					<marc:datafield tag="651" ind1=" " ind2="7">
						<marc:subfield code="a">Pacov (Pelhřimov, Česko)</marc:subfield>
						<marc:subfield code="7">ge130357</marc:subfield>
						<marc:subfield code="2">czenas</marc:subfield>
					</marc:datafield>
					<marc:datafield tag="651" ind1=" " ind2="7">
						<marc:subfield code="a">Pelhřimov (Česko : okres : 1960-)</marc:subfield>
						<marc:subfield code="7">ge130385</marc:subfield>
						<marc:subfield code="2">czenas</marc:subfield>
					</marc:datafield>
					<marc:datafield tag="655" ind1=" " ind2="7">
						<marc:subfield code="a">zpěvníky</marc:subfield>
						<marc:subfield code="7">fd133876</marc:subfield>
						<marc:subfield code="2">czenas</marc:subfield>
					</marc:datafield>
					<marc:datafield tag="710" ind1="2" ind2=" ">
						<marc:subfield code="a">Etnologický ústav (Akademie věd ČR).</marc:subfield>
						<marc:subfield code="b">Pracoviště Praha</marc:subfield>
						<marc:subfield code="7">ko2002159678</marc:subfield>
						<marc:subfield code="4">oth</marc:subfield>
					</marc:datafield>
					<marc:datafield tag="830" ind1=" " ind2="0">
						<marc:subfield code="a">Poklady lidové kultury</marc:subfield>
					</marc:datafield>
					<marc:datafield tag="856" ind1="4" ind2="1">
						<marc:subfield code="u">https://kramerius.lib.cas.cz/uuid/uuid:6d541db4-fa4e-4501-8900-839a3002661d</marc:subfield>
						<marc:subfield code="y">Digitalizovaný dokument</marc:subfield>
					</marc:datafield>
					<marc:datafield tag="956" ind1="4" ind2=" ">
						<marc:subfield code="u">https://kramerius.lib.cas.cz/uuid/uuid:6d541db4-fa4e-4501-8900-839a3002661d</marc:subfield>
						<marc:subfield code="9">A</marc:subfield>
					</marc:datafield>
					<marc:datafield tag="990" ind1=" " ind2=" ">
						<marc:subfield code="a">A</marc:subfield>
					</marc:datafield>
					<marc:datafield tag="992" ind1=" " ind2=" ">
						<marc:subfield code="s">PA</marc:subfield>
						<marc:subfield code="a">20200731</marc:subfield>
						<marc:subfield code="b">batch</marc:subfield>
					</marc:datafield>
					<marc:datafield tag="992" ind1=" " ind2=" ">
						<marc:subfield code="s">A</marc:subfield>
						<marc:subfield code="a">20210201</marc:subfield>
						<marc:subfield code="b">batch</marc:subfield>
					</marc:datafield>
					<marc:datafield tag="998" ind1=" " ind2=" ">
						<marc:subfield code="a">DNT01-000161564</marc:subfield>
					</marc:datafield>
				</marc:record>
			</metadata>
		</record>